2894 4724
158 470 296 546 constat,
320 465 453 551 plausus
476 465 616 548 denique
640 476 674 530 et
697 469 846 547 honorae,
877 467 992 550 populi
1014 466 1152 532 Romani
1174 466 1290 532 suffra-

156 587 217 669 giis
240 592 273 650 et
296 586 408 650 favore
431 585 518 668 parti
549 583 592 667 (v.
606 591 657 648 7-
671 585 714 663 8).
747 586 901 669 Adeoque
924 586 1081 667 omnibus,
1111 588 1166 670 qui
1188 588 1291 652 virtu·

155 713 221 770 tem
253 726 291 769 ac
320 707 420 769 vitam
448 705 578 771 beatam
608 707 737 788 assequi
767 706 908 784 student,
946 707 1122 771 cavendum
1153 713 1221 783 est„
1246 729 1290 772 ne

154 824 284 889 modum
308 825 477 903 excedant,
509 830 545 888 ut
568 825 701 889 nimium
724 825 775 889 vel
798 826 929 890 virtutis
960 826 1100 891 studium
1123 827 1292 910 vitupera·

155 946 244 1009 tione
268 944 400 1027 dignum
424 945 466 1009 sit
489 944 683 1024 habendum,
708 965 782 1009 nam

261 1065 391 1144 ,lusani
413 1066 686 1148 sapiensnomen
709 1066 805 1144 ferat,
830 1086 952 1148 aequus
975 1067 1087 1150 iniqui,

278 1187 382 1265 Ultra,
407 1206 503 1268 quam
526 1185 605 1251 satis
628 1192 687 1266 est,
710 1187 864 1251 virtutem
887 1187 913 1251 si
936 1193 1029 1270 petat
1050 1188 1176 1271 ipsam“
1190 1187 1222 1272 ¹),

259 1305 379 1384 Quodsi
402 1311 510 1369 autem
542 1305 644 1369 virtus
673 1305 745 1387 ipsa
776 1306 838 1369 nisi
867 1305 1035 1371 moderate
1067 1313 1100 1370 et
1129 1308 1237 1372 animo
1271 1330 1293 1372 a

154 1426 455 1511 perturbationibus
478 1446 582 1489 vacuo
605 1425 794 1509 appetenda
816 1446 880 1489 non
905 1433 963 1506 est,
980 1427 1057 1509 quid
1080 1432 1130 1493 est
1153 1449 1292 1494 censen·

154 1548 228 1612 dum
252 1547 292 1611 de
316 1547 365 1624 iis,
383 1547 439 1628 qui
461 1566 574 1611 aurum
598 1553 695 1628 atque
712 1551 891 1629 argentum,
909 1568 987 1612 aera
1004 1549 1151 1630 pretiosa
1163 1556 1197 1614 et
1209 1551 1291 1614 arti-

154 1666 277 1744 ficiosa,
308 1665 444 1748 gloriam
468 1667 655 1746 oratoriam,
684 1667 815 1731 divitias
837 1688 968 1749 semper
989 1668 1164 1752 ampliores
1187 1691 1291 1755 appe·

153 1794 236 1868 tunt,
261 1809 356 1870 quum
382 1808 493 1854 omnes
516 1810 569 1853 res
592 1790 751 1853 humanas
773 1788 907 1872 fragiles
930 1795 1027 1872 atque
1052 1790 1191 1855 caducas
1215 1812 1290 1856 θεεθ

155 1907 337 1984 constetl2)
388 1907 605 1987 Quamobrem
635 1909 663 1973 si
692 1908 762 1991 quis
786 1906 881 1972 beate
912 1929 947 1973 εθ
978 1909 1088 1974 vivere
1120 1911 1219 1993 cupit,
1255 1912 1291 1992 id

36 2069 40 2077 ·
154 2031 239 2115 quod
269 2052 527 2114 unumquemque
559 2053 679 2115 cupere
711 2051 845 2096 necesse
878 2037 936 2111 est,
965 2028 998 2094 id
1028 2051 1126 2095 unum
1157 2051 1289 2114 semper

154 2164 231 2238 agat
253 2159 351 2235 atque
376 2158 499 2231 teneat,
523 2158 559 2215 ut
581 2152 695 2217 virtuti
718 2173 850 2235 operam
875 2152 940 2232 det,
964 2153 995 2216 in
1012 2171 1051 2214 eo
1069 2152 1175 2216 studio
1199 2156 1288 2216 totus

153 2275 195 2339 sit
225 2281 259 2339 et
289 2293 386 2356 quam
420 2273 591 2337 celerrime
622 2271 715 2356 operi
744 2292 858 2335 manus
889 2271 1070 2335 admoveat.
1115 2273 1148 2337 Si
1177 2281 1289 2339 autem

153 2396 225 2478 quis
259 2395 332 2458 aliis
365 2393 399 2457 in
433 2392 531 2458 rebus
564 2393 651 2456 vitae
679 2391 869 2455 felicitatem
901 2392 1079 2456 consistere
1113 2400 1217 2476 putat,
1253 2396 1286 2459 in

153 2516 284 2593 divitiis,
317 2512 503 2591 honoribus,
534 2512 754 2595 voluptatibus
784 2511 963 2595 epularum,
999 2513 1124 2594 gaudiis
1155 2516 1286 2596 amoris,

153 2635 215 2699 hac
240 2634 293 2698 via
316 2633 431 2698 beatus
459 2631 546 2696 fieri.
562 2632 702 2710 studeat,
736 2631 833 2696 modo
861 2632 893 2695 in
925 2633 1064 2697 stultitia
1088 2634 1205 2699 saltem
1227 2656 1287 2700 sua

154 2753 371 2819 constantiam
395 2751 555 2834 quandam
580 2758 697 2816 servet.
734 2752 896 2817 Summum
920 2753 1019 2834 igitur
1040 2746 1160 2817 bonurn
1180 2755 1287 2819 Hora-

152 2877 216 2940 tius
239 2875 391 2939 virtutem
417 2894 487 2939 esse
511 2876 634 2952 censet,
662 2873 696 2936 in
720 2892 784 2954 qua
807 2873 893 2936 vitae
924 2872 1065 2938 felicitas
1082 2875 1220 2954 nititur,
1253 2883 1287 2941 et

154 2997 205 3061 cui
227 2995 447 3079 unusquisque
470 2993 601 3059 studere
625 2993 732 3058 debet.
778 2993 870 3071 Quod
893 2999 929 3057 ut
957 2992 1029 3058 fieri
1057 2996 1169 3078 possit,
1206 3003 1284 3062 ante

152 3115 260 3181 omnia
284 3136 364 3199 opus
393 3120 453 3193 est,
484 3119 520 3177 ut
548 3133 588 3177 oa
617 3119 859 3192 removeantur,
891 3133 972 3194 quae
1006 3117 1118 3180 virtuti
1151 3117 1285 3181 inimica

151 3243 248 3319 atque
273 3235 314 3300 ab
337 3254 377 3298 ea
399 3233 508 3297 aliena
530 3239 621 3312 sunt;
653 3234 782 3297 avitiis
805 3234 904 3316 igitur
933 3236 1072 3318 primum
1097 3257 1169 3300 eum
1192 3259 1284 3302 rece-

149 3357 227 3424 dere
252 3360 392 3440 oportet,
416 3356 471 3437 qui
493 3356 647 3419 virtutem
671 3356 799 3437 assequi
821 3349 900 3435 vult,
924 3376 998 3421 nam

305 3475 437 3560 ,Virtus
460 3480 519 3554 est,
543 3475 657 3539 vitium
679 3476 791 3559 fugere
816 3482 849 3540 et
871 3477 1034 3560 sapientia
1054 3478 1161 3562 prima

327 3591 472 3662 Stultitia
495 3594 698 3677 caruisse“³)

252 3717 367 3799 Neque
400 3714 468 3780 ulla
500 3736 592 3780 mora
625 3716 867 3800 interponenda
901 3724 967 3797 est,
1009 3718 1087 3801 quin
1122 3718 1163 3783 ad
1197 3717 1282 3782 haec

255 3920 275 3990 l)
294 3919 373 3988 epist.
392 3918 412 3984 I,
431 3920 447 3972 6
466 3921 498 3973 16
515 3939 575 3989 sqq.

252 4006 275 4076 2)
294 4006 373 4074 epist.
392 4005 412 4070 I,
430 4006 454 4070 6,
473 4007 583 4060 19-29.

252 4091 276 4164 3)
294 4091 373 4162 epist.
392 4091 413 4157 I,
432 4092 455 4158 l,
473 4093 517 4146 41.
