2886 4724
660 250 863 342 *20*

232 453 307 536 ’,Τιι
331 473 372 517 ne
397 451 586 535 quaesieris,
610 450 694 516 seire
717 449 819 530 nefas,
844 471 938 533 quem
960 449 1049 530 mihi,
1073 470 1169 532 quem
1191 445 1251 512 tibi

259 573 375 637 Finem
398 571 432 637 di
455 573 688 638 dederint...

261 695 345 757 Dum
368 693 539 775 loquimur,
561 692 682 774 fugerit
704 690 816 755 invida

261 810 376 890 Aetas3
402 830 501 893 carpe
524 810 610 874 diem
633 829 729 892 quam
751 811 918 874 minimum
942 808 1075 873 credula
1096 811 1262 892 postero.“

298 929 527 1024 Memorandus
551 951 677 1015 quoque
700 930 829 996 videtur
846 931 902 994 ille
926 929 1033 1009 loeus,
1064 951 1126 1012 quo
1150 929 1332 1013 Vergilium

194 1057 327 1134 poetam
349 1049 389 1116 de
413 1058 517 1116 morte
542 1051 688 1131 Quintilii
711 1051 800 1130 Vari,
833 1050 1010 1116 eommunis
1039 1050 1207 1134 utriusque
1231 1051 1333 1116 amioi

196 1171 359 1236 consolari
382 1171 499 1236 studet.
517 1171 540 1247 ¹)
565 1171 756 1250 Quintilium
778 1169 867 1249 dicit,
891 1173 1069 1254 perpetuus
1093 1192 1191 1255 sopor
1213 1177 1330 1253 urget:

402 1291 533 1374 „Multis
557 1290 611 1354 ille
635 1290 728 1354 bonis
750 1287 868 1354 flebilis
892 1288 1013 1353 occidit

422 1411 511 1476 Nulli
531 1408 671 1475 flebilior
695 1431 790 1492 quam
812 1408 881 1488 tibi,
910 1409 1037 1493 Vergili.

424 1531 472 1595 'lu
494 1530 615 1595 frustra
637 1531 710 1614 pius
733 1530 795 1593 heu
822 1550 885 1593 non
911 1529 958 1592 ita
981 1530 1139 1596 creditum

423 1653 535 1717 Posois
559 1653 748 1730 Quintilium
771 1653 889 1718 Deos.“

299 1776 443 1857 „Durum
468 1773 530 1837 hoo
554 1773 684 1855 quidem
708 1780 766 1853 est,
790 1773 848 1838 sed
870 1775 973 1840 levius
987 1775 1029 1859 fit
1038 1773 1211 1858 patientia,
1235 1775 1329 1856 quid-

195 1894 272 1978 quid
296 1894 462 1976 corrigere
487 1898 537 1956 est
559 1893 685 1958 nefas.“
725 1894 773 1958 Ne
795 1895 1087 1979 pervulgatissimis
1110 1893 1239 1978 quidem
1262 1896 1329 1962 illis
1396 1966 1403 1975 ,

195 2016 235 2081 de
260 2013 408 2079 Manibus
436 2013 675 2096 lemuribusque
705 2015 912 2097 opinionibus
934 2015 1063 2080 deditus
1086 2036 1156 2081 esse
1180 2016 1330 2101 videtur;

196 2156 271 2200 nam
294 2136 409 2200 Manes
434 2155 532 2198 carm.
557 2133 582 2212 Ι,
607 2139 636 2212 4,
666 2139 702 2197 16
726 2133 852 2198 fabulas
874 2134 963 2214 dicit,
987 2135 1007 2198 i.
1029 2158 1055 2200 e.
1080 2137 1222 2219 quinon
1245 2146 1331 2219 sunt,-

199 2263 232 2320 et
260 2256 354 2340 epist.
378 2255 421 2334 Il,
457 2249 485 2334 2,
522 2258 583 2318 209
619 2253 660 2318 ab
691 2275 729 2318 eo
760 2255 815 2336 qui
842 2275 918 2319 vere
949 2256 1130 2339 sapientem
1158 2279 1192 2323 se
1215 2259 1331 2324 haberi

196 2376 286 2456 vult,
322 2376 467 2459 postulat
496 2381 532 2439 ut
561 2376 690 2456 „rideat
718 2383 895 2441 nocturnos
924 2376 1072 2457 lemures,
1103 2378 1123 2442 i.
1147 2401 1174 2443 e.
1204 2378 1333 2446 fabulas

197 2498 271 2562 illas
301 2498 430 2581 ineptas
458 2497 497 2560 de
528 2496 644 2561 animis
674 2501 882 2575 mortuorum,
915 2497 970 2579 qui
1003 2498 1036 2561 in
1065 2504 1187 2564 terram
1220 2500 1331 2565 redire

196 2617 405 2697 dicebantur,
430 2617 515 2699 quod
538 2618 649 2700 aliqua
672 2617 711 2680 de
736 2638 836 2682 eausa
858 2619 1000 2701 quietem
1025 2641 1144 2704 capere
1167 2641 1232 2685 non
1254 2641 1332 2704 pos-

197 2745 279 2804 sent.
314 2741 365 2803 Ea
387 2745 497 2804 autem
520 2740 552 2803 in
577 2760 612 2803 re
635 2760 769 2822 prorsus
784 2739 964 2804 Romanam
986 2761 1066 2826 prae
1090 2761 1124 2805 se
1147 2740 1214 2805 fert
1236 2745 1331 2805 natu-

198 2881 278 2942 ram,
311 2859 397 2943 quod
425 2860 609 2924 hominibus
640 2860 737 2924 elaris
770 2880 968 2943 magnasque
996 2881 1050 2926 res
1073 2861 1234 2926 exsecutis
1256 2880 1334 2944 per-

195 2986 328 3064 petuam
352 2978 439 3063 apud
460 2981 688 3064 posteritatem
711 2980 902 3046 memoriam
924 2981 1094 3064 promittit.
1140 2980 1193 3046 Sio
1213 2982 1333 3045 Romu-

196 3101 245 3167 lus
260 3101 449 3185 Aeaousque
466 3101 667 3165 immortales
682 3100 765 3165 fiunt
787 3101 898 3185 lingua
920 3101 1103 3186 potentium
1120 3108 1238 3180 vatum,
1254 3122 1332 3166 nam

401 3222 564 3304 „Dignum
587 3221 682 3285 laude
706 3222 810 3286 virum
833 3224 927 3288 Musa
948 3227 1040 3286 vetat
1061 3220 1153 3298 mori,

559 3341 659 3405 Caelo
683 3341 776 3406 Musa
797 3342 884 3407 beat.
896 3341 924 3422 2)

301 3466 403 3543 Quam
426 3463 714 3542 immortalitatem,
731 3483 813 3546 quae
837 3464 868 3527 in
887 3468 1024 3527 aeterna
1039 3468 1244 3547 posterorum
1264 3481 1333 3527 me-

198 3586 301 3651 moria
325 3585 480 3664 cernitur,
516 3588 616 3666 poeta
640 3604 766 3666 quoque
790 3605 886 3650 verus
909 3591 1113 3666 assequetur3
1143 3604 1332 3649 monumen·

197 3717 265 3773 tum
301 3705 387 3769 enim
421 3703 475 3768 ille
505 3725 582 3768 aere
612 3704 788 3786 perennius
815 3704 876 3770 sibi
899 3704 1007 3786 exigit,
1019 3701 1047 3782 3)
1077 3708 1110 3766 et
1141 3703 1268 3768 etiamsi
1289 3704 1334 3768 sit

228 3846 455 3853 -—..--..—--—

303 3912 323 3980 ι)
343 3928 425 3965 narni.
445 3909 465 3972 Ι,
484 3908 526 3961 24·

299 3997 322 4066 ¹2)
341 4014 424 4050 carni.
443 3995 490 4058 lv,
509 3993 533 4058 8,
551 3994 584 4046 ‘25
603 4012 661 4062 sqq.

299 4083 322 4152 ³)
341 4101 424 4136 carm.
443 4082 491 4147 ΙΙΙ,
510 4083 551 4146 30,
572 4082 594 4136 Ῑ·
