2886 4724
547 189 848 328 erp

24 472 27 477 ·
101 437 213 502 facere
247 434 388 516 videtur,
424 437 472 500 ita
503 442 554 502 ut·
573 438 728 503 virtutem
761 459 918 504 summum
951 439 1071 505 bonum
1104 441 1236 521 habeat.
1336 434 1339 443 '

100 557 235 623 Summa
256 576 328 622 cum
351 557 524 638 gravitate,
548 558 596 621 ita
617 563 653 623 ut
676 559 821 624 Stoicum
843 557 914 624 fero
939 559 1050 625 dicere
1073 568 1178 646 putes,
1203 563 1237 626 in
1270 558 1272 563 ’

99 796 281 864 carminum
303 797 413 880 posita
435 804 510 862 sunt
532 802 647 895 (carm.
664 799 724 883 Ill,
748 799 844 884 1-6)
866 801 1046 885 praecipua
1068 803 1238 885 impugnat

73 888 188 997 sqq&
224 916 339 1000 quibus
369 923 478 982 aetate
509 919 566 984 illa
595 919 815 985 Romanorum
838 921 1024 1004 respublica
1043 898 1237 1006 laborabat,

101 1043 136 1104 ot
156 1043 332 1122 praeterea
360 1056 488 1121 quoque
516 1040 687 1125 permultis
717 1042 797 1106 locis
828 1042 951 1106 ethicis
975 1041 1043 1128 ejus
1064 1011 1237 1107 sententiis

96 1179 176 1223 cnm
196 1158 380 1224 Stoicorum
402 1162 590 1244 praeceptis
620 1136 862 1239 similitudinem
888 1161 1051 1244 quandam
1075 1166 1156 1242 esse,
1180 1184 1237 1227 ne-

102 1279 177 1364 gari
187 1280 310 1362 nequit.
349 1278 499 1362 Denique
517 1281 744 1364 negligendum
768 1303 832 1347 non
858 1288 916 1362 est,
940 1281 1142 1347 adeundam
1166 1272 1236 1348 iere

99 1398 207 1481 finem,
235 1401 382 1483 quamvis
405 1400 536 1466 diversa
557 1403 696 1481 ratione,
719 1407 890 1487 utramque
914 1402 1122 1486 disciplinam
1144 1423 1237 1486 spec·

98 1524 181 1600 ture,
211 1541 308 1604 quum
339 1521 372 1584 in
397 1521 511 1586 eodem
536 1521 748 1587 fundamento
770 1530 908 1607 utraque
937 1524 1071 1603 nitatur,
1107 1531 1143 1588 ut
1173 1524 1236 1588 nisi

98 1642 265 1709 constanti
298 1642 399 1706 animi
431 1643 673 1726 tranquillitate
706 1643 793 1708 vitae
839 1642 1032 1708 felicitatem
1072 1644 1234 1710 nemiuem

96 1763 228 1847 assequi
250 1760 351 1848 posse
369 1769 495 1847 putent.
512 1763 535 1843 ¹)

202 1883 252 1949 Ad
281 1884 380 1948 finem
409 1885 617 1967 pervenimus
648 1884 680 1947 in
712 1883 923 1967 philosophia
946 1883 1131 1948 Horatiana
1159 1905 1235 1968 per·

98 2005 277 2090 spicienda,
309 2026 347 2069 ac
371 2005 531 2088 reliquum
555 2013 614 2085 est,
644 2011 682 2069 ut
706 2005 774 2088 jam
806 2024 963 2069 summam
994 2024 1115 2083 eorum,
1150 2025 1233 2088 quae

100 2124 246 2206 diximus,
270 2126 384 2210 paucis
401 2127 666 2210 complectamur.
690 2124 872 2209 Praecipue
889 2124 980 2189 illum
999 2124 1116 2189 ethicis
1136 2146 1234 2207 quae·

100 2245 257 2313 stionibus
281 2267 416 2332 operam
431 2221 569 2328 dedisse,
588 2247 782 2330 omninoque
799 2247 834 2310 in
851 2244 1062 2330 philosophia
1077 2265 1112 2310 se
1127 2267 1234 2342 neque

97 2365 157 2430 ulli
180 2374 291 2432 certae
315 2368 508 2452 discipliuae
532 2368 694 2433 addixisse
719 2366 865 2447 vidimus,
883 2352 988 2448 neque
1004 2366 1139 2449 proprie
1162 2366 1235 2450 phi-

97 2486 268 2572 losophum
304 2510 385 2568 esse,
421 2490 507 2571 quod
540 2513 560 2555 a
592 2495 693 2574 poeta
722 2487 956 2553 alienissimum
989 2506 1060 2551 esse
1094 2483 1233 2550 videtur.

99 2606 159 2685 Qui
182 2629 279 2691 quum
301 2610 381 2673 satis
404 2629 469 2673 non
492 2608 623 2688 habeat,
642 2608 792 2674 veritatis
809 2607 954 2691 speciem
977 2607 1086 2671 animo
1110 2606 1232 2686 videre,

95 2731 132 2793 ut
154 2728 351 2811 philosophi,
389 2726 525 2809 effigiem
556 2728 618 2793 sibi
641 2727 863 2811 quaerendum
887 2707 958 2793 esse
988 2732 1094 2811 putat,
1129 2726 1234 2790 itaut

95 2844 212 2910 melius
242 2864 338 2927 quam
362 2846 503 2912 Crantor
531 2855 565 2913 et
594 2848 795 2933 Chrysippus
825 2849 904 2913 belli
926 2847 1060 2930 Trojani
1089 2847 1233 2930 scriptor

97 2987 169 3033 oum
191 2964 319 3046 doceat,
344 2966 421 3049 quid
443 2968 564 3033 malum
587 2969 639 3033 vel
661 2969 790 3047 bonum,
816 2968 894 3033 utile
917 2967 971 3032 vel
993 2967 1125 3032 noxium
1147 2963 1232 3047 sit,²)

97 3089 173 3171 quia
195 3087 376 3155 illustribus
398 3090 454 3154 ille
479 3091 636 3174 exemplis
651 3111 763 3154 verum
778 3096 855 3154 ante
880 3088 991 3153 oculos
1013 3086 1107 3152 nobis
1129 3087 1232 3170 ponit.

97 3208 151 3274 Sic
174 3208 345 3275 Horatium
369 3232 496 3295 quoque
520 3213 554 3277 in
577 3211 738 3295 poematis
761 3211 836 3291 suis,
859 3230 898 3273 ac
921 3206 1102 3292 praecipue
1126 3213 1159 3271 iu
1183 3228 1234 3272 sa·
1264 3195 1267 3199 ¹

96 3329 177 3410 liris,
202 3331 391 3415 saepissime
415 3340 524 3399 certas
547 3333 703 3417 quasdam
730 3352 888 3418 personas
911 3329 1069 3394 inducere
1093 3333 1231 3406 constat,

96 3471 179 3534 quae
202 3457 271 3515 tum
293 3453 415 3519 Romae
450 3456 483 3518 in
515 3455 655 3519 omnium
681 3477 737 3520 ore
761 3461 858 3538 atque
883 3469 1032 3516 sermone
1056 3448 1231 3514 versaban-

95 3575 159 3650 tur,
182 3592 319 3654 quorum
343 3574 503 3658 exemplo,
536 3582 660 3657 quanta
682 3576 715 3639 in
739 3575 826 3639 vitiis
861 3571 1000 3638 stultitia
1033 3568 1231 3650 incitatque

95 3693 305 3776 perversitas,
329 3693 555 3760 demonstrare
578 3695 696 3760 studet.
734 3695 831 3778 Cujus
847 3693 897 3757 rei
918 3696 955 3755 ut
977 3690 1129 3773 exempla
1152 3710 1233 3754 non·

95 3811 186 3877 nulla
208 3811 355 3893 afferam,
384 3814 441 3880 ubi
473 3815 513 3881 de
551 3819 693 3884 avaritia
721 3833 937 3902 praemonere
966 3810 1045 3889 vult,
1076 3810 1233 3894 proponit

199 3983 221 4051 l)
239 3982 274 4036 cf.
292 3983 386 4049 Zeller,
403 3984 421 4037 l.
433 3986 451 4038 l.
470 4004 533 4057 pag.
552 3989 610 4042 409.

197 4069 220 4140 2)
239 4069 319 4139 epist.
337 4070 358 4135 Ι,
377 4072 393 4123 2
411 4072 472 4128 init.
