2886 4724
885 146 920 201 t,-

745 241 785 302 38

661 328 863 335 --———-——-

194 445 400 526 Ummidium,
436 445 491 529 qui
524 446 670 529 quamvis
699 451 808 509 tantas
836 465 915 528 opes
944 443 1120 527 possideat,
1155 449 1191 509 ut
1220 444 1331 510 modio
1423 455 1425 458 ’

194 586 341 630 nummos
364 565 473 630 metiri
494 566 608 650 possit,
623 571 734 631 tamen
756 585 858 646 usque
881 563 924 628 ad
938 569 1076 628 mortem
1093 584 1224 648 semper
1238 569 1332 630 metu

194 685 388 766 exagitatur,
423 706 464 750 ne
498 686 584 751 fame
618 683 786 770 pereat;¹)
821 684 876 749 ubi
909 684 1070 748 luxuriam
1102 685 1332 768 perstringere

194 805 272 882 vult,
307 803 532 870 Nomentanus
561 806 755 871 documento
784 810 843 884 est,
880 804 935 887 qui
967 825 1037 869 rem
1066 803 1274 885 familiarem,
1311 827 1335 871 a
1406 800 1409 804 ’

193 931 288 1008 patre
311 924 476 1006 traditam,
499 932 623 991 temere
646 922 842 1009 profudit;²)
865 930 898 989 et
920 924 967 989 sie
982 924 1233 1010 uniuscujusque
1257 927 1336 992 vitii

195 1045 378 1127 exemplum
401 1046 533 1128 aliquod
555 1044 704 1129 habet,3)
738 1065 811 1127 quo,
847 1065 943 1127 quam
966 1043 1160 1111 detestabile
1183 1046 1266 1112 illud
1289 1068 1337 1114 ao

193 1164 414 1247 perniciosum
436 1166 487 1245 sit,
513 1167 634 1249 optime
656 1165 867 1230 demonstrat.
902 1166 1081 1229 Praeterea
1095 1165 1226 1246 omnino
1252 1188 1336 1233 eon·
1407 1215 1411 1224 -

193 1290 268 1362 stat,
305 1285 469 1350 Romanos
491 1285 732 1369 philosophiam
763 1306 784 1349 a
807 1284 942 1349 Graecis
972 1292 1150 1369 receptam,
1184 1286 1335 1370 plerum·

193 1425 255 1487 que
278 1426 343 1469 non
367 1405 495 1471 illorum
527 1405 623 1471 modo
649 1411 720 1471 arte
752 1405 891 1488 quadam
914 1426 953 1470 ae
982 1406 1110 1470 ratione
1134 1408 1333 1488 excoluisse,

193 1524 249 1589 sed
275 1524 316 1589 ad
339 1526 425 1590 vitae
447 1527 557 1610 potius
579 1548 671 1591 usum
693 1532 875 1610 praesepta
898 1526 966 1609 ejus
990 1526 1176 1608 contulisse,
1206 1549 1272 1612 qua
1293 1529 1333 1596 in

192 1665 238 1723 rs,
264 1644 350 1727 quod
372 1666 430 1710 suo
454 1647 570 1729 cuique
593 1647 723 1729 ingenio
747 1647 949 1730 aptissimum
973 1667 1042 1712 esse
1066 1648 1247 1730 videbatur,
1264 1649 1332 1717 sibi

193 1764 301 1847 elegit.

297 1954 318 2022 l)
337 1954 388 2007 sat.
406 1953 427 2017 l,
446 1954 469 2016 1,
488 1953 520 2007 95
539 1971 598 2022 sqq.

294 2040 317 2107 2)
336 2040 386 2092 sat.
406 2038 439 2102 ΙΙ,
458 2039 482 2102 3,
501 2039 552 2092 224
570 2057 628 2107 sqq.

294 2125 317 2194 ³)
336 2125 371 2180 of,
389 2125 476 2189 Estne,
494 2125 649 2179 Horatiana
667 2123 927 2194 prosopographeia,
946 2143 1010 2194 pag.
1027 2126 1076 2178 547
1095 2144 1154 2194 sqq.
