<?xml version="1.0" encoding="UTF-8"?>
<!DOCTYPE html PUBLIC "-//W3C//DTD XHTML 1.0 Transitional//EN"
    "http://www.w3.org/TR/xhtml1/DTD/xhtml1-transitional.dtd">
<html xmlns="http://www.w3.org/1999/xhtml" xml:lang="en" lang="en">
 <head>
  <title>
</title>
<meta http-equiv="Content-Type" content="text/html;charset=utf-8" />
  <meta name='ocr-system' content='tesseract 3.04.00' />
  <meta name='ocr-capabilities' content='ocr_page ocr_carea ocr_par ocr_line ocrx_word'/>
</head>
<body>
  <div class='ocr_page' id='page_1' title='image "./dehoratiopoetap00wiedgoog_0013.png"; bbox 0 0 2886 4724; ppageno 0'>
   <div class='ocr_carea' id='block_1_1' title="bbox 766 257 785 318">
    <p class='ocr_par' dir='ltr' id='par_1_1' title="bbox 766 257 785 318">
     <span class='ocr_line' id='line_1_1' title="bbox 766 257 785 318; baseline 0 0"><span class='ocrx_word' id='word_1_1' title='bbox 766 257 785 318; x_wconf 88' lang='lat'>8</span> 
     </span>
    </p>
   </div>
   <div class='ocr_carea' id='block_1_2' title="bbox 674 341 878 349">
    <p class='ocr_par' dir='ltr' id='par_1_2' title="bbox 674 341 878 349">
     <span class='ocr_line' id='line_1_2' title="bbox 674 341 878 349; baseline 0 -1"><span class='ocrx_word' id='word_1_2' title='bbox 674 341 878 349; x_wconf 76' lang='lat'>—-</span> 
     </span>
    </p>
   </div>
   <div class='ocr_carea' id='block_1_3' title="bbox 170 458 1351 2472">
    <p class='ocr_par' dir='ltr' id='par_1_3' title="bbox 170 458 1351 2472">
     <span class='ocr_line' id='line_1_3' title="bbox 208 458 1345 543; baseline -0.001 -17"><span class='ocrx_word' id='word_1_3' title='bbox 208 460 386 540; x_wconf 89' lang='lat' dir='ltr'>florebant,</span> <span class='ocrx_word' id='word_1_4' title='bbox 430 458 639 543; x_wconf 85' lang='lat' dir='ltr'>perstringat.</span> <span class='ocrx_word' id='word_1_5' title='bbox 698 458 752 524; x_wconf 90' lang='lat' dir='ltr'>Sic</span> <span class='ocrx_word' id='word_1_6' title='bbox 786 458 922 523; x_wconf 90' lang='lat' dir='ltr'>Fabium</span> <span class='ocrx_word' id='word_1_7' title='bbox 963 458 1194 542; x_wconf 90' lang='lat' dir='ltr'>philosophum</span> <span class='ocrx_word' id='word_1_8' title='bbox 1232 465 1290 525; x_wconf 90' lang='lat' dir='ltr'>sat.</span> <span class='ocrx_word' id='word_1_9' title='bbox 1319 461 1345 540; x_wconf 99' lang='grc' dir='ltr'>Ι,</span> 
     </span>
     <span class='ocr_line' id='line_1_4' title="bbox 212 566 1347 664; baseline 0 -20"><span class='ocrx_word' id='word_1_10' title='bbox 212 586 238 660; x_wconf 94' lang='grc'>1,</span> <span class='ocrx_word' id='word_1_11' title='bbox 274 566 312 644; x_wconf 73' lang='grc'>14</span> <span class='ocrx_word' id='word_1_12' title='bbox 347 581 517 664; x_wconf 75' lang='lat' dir='ltr'>loquacem</span> <span class='ocrx_word' id='word_1_13' title='bbox 554 579 720 663; x_wconf 87' lang='lat' dir='ltr'>appellat,</span> <span class='ocrx_word' id='word_1_14' title='bbox 763 599 802 642; x_wconf 87' lang='lat' dir='ltr'>ac</span> <span class='ocrx_word' id='word_1_15' title='bbox 833 579 863 643; x_wconf 80' lang='lat' dir='ltr'>&#39;si</span> <span class='ocrx_word' id='word_1_16' title='bbox 896 584 956 644; x_wconf 90' lang='lat' dir='ltr'>sat.</span> <span class='ocrx_word' id='word_1_17' title='bbox 985 579 1017 659; x_wconf 93' lang='grc' dir='ltr'>Ι,</span> <span class='ocrx_word' id='word_1_18' title='bbox 1051 583 1085 660; x_wconf 84' lang='grc'>2,</span> <span class='ocrx_word' id='word_1_19' title='bbox 1117 585 1176 644; x_wconf 87' lang='grc'>134</span> <span class='ocrx_word' id='word_1_20' title='bbox 1207 581 1347 645; x_wconf 90' lang='lat' dir='ltr'>scholia-</span> 
     </span>
     <span class='ocr_line' id='line_1_5' title="bbox 209 698 1348 779; baseline 0.001 -15"><span class='ocrx_word' id='word_1_21' title='bbox 209 706 279 765; x_wconf 82' lang='lat' dir='ltr'>stae</span> <span class='ocrx_word' id='word_1_22' title='bbox 310 699 422 764; x_wconf 91' lang='lat' dir='ltr'>fidem.</span> <span class='ocrx_word' id='word_1_23' title='bbox 439 700 561 766; x_wconf 88' lang='lat' dir='ltr'>habere</span> <span class='ocrx_word' id='word_1_24' title='bbox 601 700 694 779; x_wconf 91' lang='lat' dir='ltr'>licet,</span> <span class='ocrx_word' id='word_1_25' title='bbox 735 698 777 763; x_wconf 91' lang='lat' dir='ltr'>ad</span> <span class='ocrx_word' id='word_1_26' title='bbox 811 699 948 764; x_wconf 91' lang='lat' dir='ltr'>eundem</span> <span class='ocrx_word' id='word_1_27' title='bbox 983 699 1120 764; x_wconf 84' lang='lat' dir='ltr'>Fabium</span> <span class='ocrx_word' id='word_1_28' title='bbox 1153 700 1255 765; x_wconf 84' lang='lat' dir='ltr'>rerba</span> <span class='ocrx_word' id='word_1_29' title='bbox 1288 701 1348 765; x_wconf 94' lang='lat' dir='ltr'>illa</span> 
     </span>
     <span class='ocr_line' id='line_1_6' title="bbox 209 818 1348 904; baseline -0.001 -18"><span class='ocrx_word' id='word_1_30' title='bbox 209 826 378 904; x_wconf 88' lang='lat' dir='ltr'>spectant,</span> <span class='ocrx_word' id='word_1_31' title='bbox 407 821 443 886; x_wconf 90' lang='lat' dir='ltr'>in</span> <span class='ocrx_word' id='word_1_32' title='bbox 472 820 536 886; x_wconf 88' lang='lat' dir='ltr'>fine</span> <span class='ocrx_word' id='word_1_33' title='bbox 568 820 636 903; x_wconf 86' lang='lat' dir='ltr'>ejus</span> <span class='ocrx_word' id='word_1_34' title='bbox 667 820 820 884; x_wconf 82' lang='lat' dir='ltr'>carminis</span> <span class='ocrx_word' id='word_1_35' title='bbox 851 820 971 903; x_wconf 91' lang='lat' dir='ltr'>posita:</span> <span class='ocrx_word' id='word_1_36' title='bbox 1009 818 1132 902; x_wconf 82' lang='lat' dir='ltr'>,Fabio</span> <span class='ocrx_word' id='word_1_37' title='bbox 1164 821 1217 884; x_wconf 84' lang='lat' dir='ltr'>vel</span> <span class='ocrx_word' id='word_1_38' title='bbox 1237 820 1348 902; x_wconf 87' lang='lat' dir='ltr'>judice</span> 
     </span>
     <span class='ocr_line' id='line_1_7' title="bbox 208 921 1351 1025; baseline -0.001 -18"><span class='ocrx_word' id='word_1_39' title='bbox 208 941 377 1022; x_wconf 79' lang='lat' dir='ltr'>vincam,“</span> <span class='ocrx_word' id='word_1_40' title='bbox 421 940 536 1025; x_wconf 90' lang='lat' dir='ltr'>quibus</span> <span class='ocrx_word' id='word_1_41' title='bbox 575 941 731 1005; x_wconf 80' lang='lat' dir='ltr'>Horatius</span> <span class='ocrx_word' id='word_1_42' title='bbox 756 921 799 1004; x_wconf 37' lang='lat' dir='ltr'>&#39;in</span> <span class='ocrx_word' id='word_1_43' title='bbox 832 939 967 1006; x_wconf 90' lang='lat' dir='ltr'>Fabium</span> <span class='ocrx_word' id='word_1_44' title='bbox 998 939 1156 1022; x_wconf 91' lang='lat' dir='ltr'>judicium</span> <span class='ocrx_word' id='word_1_45' title='bbox 1188 941 1351 1006; x_wconf 83' lang='lat' dir='ltr'>transfert</span> 
     </span>
     <span class='ocr_line' id='line_1_8' title="bbox 208 1058 1348 1145; baseline 0 -18"><span class='ocrx_word' id='word_1_46' title='bbox 208 1064 243 1127; x_wconf 90' lang='lat' dir='ltr'>in</span> <span class='ocrx_word' id='word_1_47' title='bbox 276 1083 312 1127; x_wconf 91' lang='lat' dir='ltr'>re</span> <span class='ocrx_word' id='word_1_48' title='bbox 343 1061 481 1145; x_wconf 91' lang='lat' dir='ltr'>quadam</span> <span class='ocrx_word' id='word_1_49' title='bbox 521 1083 541 1126; x_wconf 92' lang='lat' dir='ltr'>a</span> <span class='ocrx_word' id='word_1_50' title='bbox 574 1083 652 1126; x_wconf 87' lang='lat' dir='ltr'>vero</span> <span class='ocrx_word' id='word_1_51' title='bbox 695 1061 805 1126; x_wconf 90' lang='lat' dir='ltr'>Stoico</span> <span class='ocrx_word' id='word_1_52' title='bbox 833 1059 1043 1124; x_wconf 91' lang='lat' dir='ltr'>alienissima.</span> <span class='ocrx_word' id='word_1_53' title='bbox 1089 1058 1212 1124; x_wconf 87' lang='lat' dir='ltr'>Eodem</span> <span class='ocrx_word' id='word_1_54' title='bbox 1248 1060 1348 1127; x_wconf 94' lang='lat' dir='ltr'>modo</span> 
     </span>
     <span class='ocr_line' id='line_1_9' title="bbox 209 1180 1349 1265; baseline -0.004 -16"><span class='ocrx_word' id='word_1_55' title='bbox 209 1183 402 1249; x_wconf 78' lang='lat' dir='ltr'>Stertinium</span> <span class='ocrx_word' id='word_1_56' title='bbox 424 1183 569 1248; x_wconf 90' lang='lat' dir='ltr'>Stoicum</span> <span class='ocrx_word' id='word_1_57' title='bbox 592 1182 810 1265; x_wconf 78' lang='lat' dir='ltr'>Damasippus</span> <span class='ocrx_word' id='word_1_58' title='bbox 833 1187 895 1246; x_wconf 88' lang='lat' dir='ltr'>sat.</span> <span class='ocrx_word' id='word_1_59' title='bbox 918 1182 960 1262; x_wconf 93' lang='lat' dir='ltr'>Il,</span> <span class='ocrx_word' id='word_1_60' title='bbox 985 1187 1014 1262; x_wconf 89' lang='lat'>3,</span> <span class='ocrx_word' id='word_1_61' title='bbox 1040 1185 1101 1256; x_wconf 79' lang='grc'>296</span> <span class='ocrx_word' id='word_1_62' title='bbox 1125 1202 1194 1263; x_wconf 91' lang='lat' dir='ltr'>sqq.</span> <span class='ocrx_word' id='word_1_63' title='bbox 1217 1180 1349 1263; x_wconf 91' lang='lat' dir='ltr'>sapien-</span> 
     </span>
     <span class='ocr_line' id='line_1_10' title="bbox 207 1285 1348 1386; baseline 0.001 -19"><span class='ocrx_word' id='word_1_64' title='bbox 207 1309 276 1367; x_wconf 91' lang='lat' dir='ltr'>tum</span> <span class='ocrx_word' id='word_1_65' title='bbox 307 1302 463 1368; x_wconf 76' lang='lat' dir='ltr'>octavus‘⁴</span> <span class='ocrx_word' id='word_1_66' title='bbox 494 1303 642 1386; x_wconf 91' lang='lat' dir='ltr'>appellat</span> <span class='ocrx_word' id='word_1_67' title='bbox 672 1307 705 1366; x_wconf 92' lang='lat' dir='ltr'>et</span> <span class='ocrx_word' id='word_1_68' title='bbox 734 1303 769 1367; x_wconf 89' lang='lat' dir='ltr'>in</span> <span class='ocrx_word' id='word_1_69' title='bbox 801 1285 944 1386; x_wconf 85' lang='lat' dir='ltr'>ejusdem</span> <span class='ocrx_word' id='word_1_70' title='bbox 977 1303 1130 1367; x_wconf 82' lang='lat' dir='ltr'>carminis</span> <span class='ocrx_word' id='word_1_71' title='bbox 1161 1302 1225 1367; x_wconf 91' lang='lat' dir='ltr'>alio</span> <span class='ocrx_word' id='word_1_72' title='bbox 1249 1323 1348 1368; x_wconf 87' lang='lat' dir='ltr'>versu</span> 
     </span>
     <span class='ocr_line' id='line_1_11' title="bbox 208 1422 1347 1507; baseline 0 -19"><span class='ocrx_word' id='word_1_73' title='bbox 208 1423 249 1488; x_wconf 92' lang='lat' dir='ltr'>de</span> <span class='ocrx_word' id='word_1_74' title='bbox 273 1443 311 1488; x_wconf 92' lang='lat' dir='ltr'>eo</span> <span class='ocrx_word' id='word_1_75' title='bbox 335 1422 473 1490; x_wconf 87' lang='lat' dir='ltr'>dicitur:</span> <span class='ocrx_word' id='word_1_76' title='bbox 498 1423 547 1507; x_wconf 82' lang='lat' dir='ltr'>„si</span> <span class='ocrx_word' id='word_1_77' title='bbox 571 1423 649 1507; x_wconf 90' lang='lat' dir='ltr'>quid</span> <span class='ocrx_word' id='word_1_78' title='bbox 667 1424 842 1490; x_wconf 85' lang='lat' dir='ltr'>Stertinius</span> <span class='ocrx_word' id='word_1_79' title='bbox 864 1424 934 1489; x_wconf 85' lang='lat' dir='ltr'>reri</span> <span class='ocrx_word' id='word_1_80' title='bbox 958 1422 1143 1507; x_wconf 79' lang='lat' dir='ltr'>crepat.“¹)</span> <span class='ocrx_word' id='word_1_81' title='bbox 1177 1424 1250 1488; x_wconf 92' lang='lat' dir='ltr'>Non</span> <span class='ocrx_word' id='word_1_82' title='bbox 1274 1423 1347 1489; x_wconf 89' lang='lat' dir='ltr'>sine</span> 
     </span>
     <span class='ocr_line' id='line_1_12' title="bbox 212 1540 1348 1631; baseline 0.003 -25"><span class='ocrx_word' id='word_1_83' title='bbox 212 1563 311 1631; x_wconf 83' lang='lat' dir='ltr'>causa</span> <span class='ocrx_word' id='word_1_84' title='bbox 333 1547 511 1624; x_wconf 89' lang='lat' dir='ltr'>praeterea</span> <span class='ocrx_word' id='word_1_85' title='bbox 527 1542 694 1626; x_wconf 83' lang='lat' dir='ltr'>Crispinus</span> <span class='ocrx_word' id='word_1_86' title='bbox 714 1542 851 1622; x_wconf 73' lang='lat' dir='ltr'>Stoicus,</span> <span class='ocrx_word' id='word_1_87' title='bbox 877 1540 931 1624; x_wconf 92' lang='lat' dir='ltr'>qui</span> <span class='ocrx_word' id='word_1_88' title='bbox 945 1547 1039 1606; x_wconf 90' lang='lat' dir='ltr'>tanta</span> <span class='ocrx_word' id='word_1_89' title='bbox 1054 1564 1127 1607; x_wconf 92' lang='lat' dir='ltr'>cum</span> <span class='ocrx_word' id='word_1_90' title='bbox 1145 1544 1348 1627; x_wconf 86' lang='lat' dir='ltr'>loquacitate</span> 
     </span>
     <span class='ocr_line' id='line_1_13' title="bbox 212 1661 1348 1746; baseline 0.003 -20"><span class='ocrx_word' id='word_1_91' title='bbox 212 1668 311 1745; x_wconf 90' lang='lat' dir='ltr'>atque</span> <span class='ocrx_word' id='word_1_92' title='bbox 348 1663 568 1728; x_wconf 88' lang='lat' dir='ltr'>ostentatione</span> <span class='ocrx_word' id='word_1_93' title='bbox 599 1662 840 1746; x_wconf 86' lang='lat' dir='ltr'>philosophiam</span> <span class='ocrx_word' id='word_1_94' title='bbox 876 1661 1019 1726; x_wconf 89' lang='lat' dir='ltr'>Stoicam</span> <span class='ocrx_word' id='word_1_95' title='bbox 1052 1683 1142 1727; x_wconf 92' lang='lat' dir='ltr'>suam</span> <span class='ocrx_word' id='word_1_96' title='bbox 1175 1663 1348 1730; x_wconf 88' lang='lat' dir='ltr'>venditare</span> 
     </span>
     <span class='ocr_line' id='line_1_14' title="bbox 170 1780 1347 1869; baseline 0.003 -23"><span class='ocrx_word' id='word_1_97' title='bbox 170 1822 172 1827; x_wconf 92' lang='lat'><em>-</em></span> <span class='ocrx_word' id='word_1_98' title='bbox 209 1802 248 1846; x_wconf 93' lang='lat' dir='ltr'>ao</span> <span class='ocrx_word' id='word_1_99' title='bbox 280 1781 321 1845; x_wconf 92' lang='lat' dir='ltr'>de</span> <span class='ocrx_word' id='word_1_100' title='bbox 354 1781 474 1846; x_wconf 87' lang='lat' dir='ltr'>virtute</span> <span class='ocrx_word' id='word_1_101' title='bbox 505 1783 700 1867; x_wconf 89' lang='lat' dir='ltr'>praecipere</span> <span class='ocrx_word' id='word_1_102' title='bbox 730 1782 866 1864; x_wconf 84' lang='lat' dir='ltr'>solebat,</span> <span class='ocrx_word' id='word_1_103' title='bbox 898 1789 935 1848; x_wconf 92' lang='lat' dir='ltr'>ut</span> <span class='ocrx_word' id='word_1_104' title='bbox 963 1805 1141 1868; x_wconf 84' lang='lat' dir='ltr'>cognomen</span> <span class='ocrx_word' id='word_1_105' title='bbox 1166 1780 1347 1869; x_wconf 71' lang='grc' dir='ltr'><em>ἅρεταλόγος</em></span> 
     </span>
     <span class='ocr_line' id='line_1_15' title="bbox 207 1878 1346 1997; baseline 0.003 -30"><span class='ocrx_word' id='word_1_106' title='bbox 207 1902 269 1967; x_wconf 90' lang='lat' dir='ltr'>sibi</span> <span class='ocrx_word' id='word_1_107' title='bbox 292 1901 559 1986; x_wconf 79' lang='lat' dir='ltr'>comparasset2)</span> <span class='ocrx_word' id='word_1_108' title='bbox 583 1909 644 1968; x_wconf 87' lang='lat' dir='ltr'>sat.</span> <span class='ocrx_word' id='word_1_109' title='bbox 668 1903 693 1984; x_wconf 93' lang='lat' dir='ltr'>l,</span> <span class='ocrx_word' id='word_1_110' title='bbox 723 1910 748 1983; x_wconf 90' lang='lat' dir='ltr'>l,</span> <span class='ocrx_word' id='word_1_111' title='bbox 777 1908 836 1967; x_wconf 82' lang='lat'>120</span> <span class='ocrx_word' id='word_1_112' title='bbox 859 1905 1010 1994; x_wconf 77' lang='lat' dir='ltr'>,lippus“</span> <span class='ocrx_word' id='word_1_113' title='bbox 1034 1878 1229 1997; x_wconf 85' lang='lat' dir='ltr'>nominatur,</span> <span class='ocrx_word' id='word_1_114' title='bbox 1258 1906 1346 1988; x_wconf 88' lang='lat' dir='ltr'>quod</span> 
     </span>
     <span class='ocr_line' id='line_1_16' title="bbox 207 2014 1345 2107; baseline 0.004 -21"><span class='ocrx_word' id='word_1_115' title='bbox 207 2044 273 2088; x_wconf 90' lang='lat' dir='ltr'>non</span> <span class='ocrx_word' id='word_1_116' title='bbox 296 2022 339 2088; x_wconf 89' lang='lat' dir='ltr'>ad</span> <span class='ocrx_word' id='word_1_117' title='bbox 363 2014 510 2107; x_wconf 91' lang='lat' dir='ltr'>corporis</span> <span class='ocrx_word' id='word_1_118' title='bbox 533 2024 636 2089; x_wconf 91' lang='lat' dir='ltr'>solum</span> <span class='ocrx_word' id='word_1_119' title='bbox 670 2025 727 2089; x_wconf 90' lang='lat' dir='ltr'>sed</span> <span class='ocrx_word' id='word_1_120' title='bbox 751 2024 849 2089; x_wconf 90' lang='lat' dir='ltr'>etiam</span> <span class='ocrx_word' id='word_1_121' title='bbox 880 2023 921 2088; x_wconf 89' lang='lat' dir='ltr'>ad</span> <span class='ocrx_word' id='word_1_122' title='bbox 944 2025 1045 2089; x_wconf 90' lang='lat' dir='ltr'>animi</span> <span class='ocrx_word' id='word_1_123' title='bbox 1067 2027 1178 2092; x_wconf 90' lang='lat' dir='ltr'>oculos</span> <span class='ocrx_word' id='word_1_124' title='bbox 1200 2024 1345 2091; x_wconf 81' lang='lat' dir='ltr'>referen-</span> 
     </span>
     <span class='ocr_line' id='line_1_17' title="bbox 207 2142 1343 2226; baseline 0.004 -19"><span class='ocrx_word' id='word_1_125' title='bbox 207 2142 283 2207; x_wconf 91' lang='lat' dir='ltr'>dum</span> <span class='ocrx_word' id='word_1_126' title='bbox 314 2163 384 2208; x_wconf 92' lang='lat' dir='ltr'>esse</span> <span class='ocrx_word' id='word_1_127' title='bbox 414 2142 554 2222; x_wconf 83' lang='lat' dir='ltr'>videtur,</span> <span class='ocrx_word' id='word_1_128' title='bbox 585 2142 743 2226; x_wconf 90' lang='lat' dir='ltr'>siquidem</span> <span class='ocrx_word' id='word_1_129' title='bbox 782 2143 1023 2208; x_wconf 88' lang='lat' dir='ltr'>conclusionem</span> <span class='ocrx_word' id='word_1_130' title='bbox 1053 2147 1164 2212; x_wconf 89' lang='lat' dir='ltr'>facere</span> <span class='ocrx_word' id='word_1_131' title='bbox 1198 2148 1276 2212; x_wconf 91' lang='lat' dir='ltr'>licet</span> <span class='ocrx_word' id='word_1_132' title='bbox 1302 2171 1343 2212; x_wconf 88' lang='lat' dir='ltr'>ex</span> 
     </span>
     <span class='ocr_line' id='line_1_18' title="bbox 209 2264 1350 2352; baseline 0.005 -24"><span class='ocrx_word' id='word_1_133' title='bbox 209 2264 291 2344; x_wconf 90' lang='lat' dir='ltr'>loco,</span> <span class='ocrx_word' id='word_1_134' title='bbox 322 2265 377 2347; x_wconf 92' lang='lat' dir='ltr'>qui</span> <span class='ocrx_word' id='word_1_135' title='bbox 411 2265 461 2329; x_wconf 86' lang='lat' dir='ltr'>est</span> <span class='ocrx_word' id='word_1_136' title='bbox 490 2270 550 2329; x_wconf 91' lang='lat' dir='ltr'>sat.</span> <span class='ocrx_word' id='word_1_137' title='bbox 581 2265 606 2345; x_wconf 92' lang='lat' dir='ltr'>I,</span> <span class='ocrx_word' id='word_1_138' title='bbox 648 2272 673 2346; x_wconf 90' lang='lat' dir='ltr'>l,</span> <span class='ocrx_word' id='word_1_139' title='bbox 709 2272 766 2332; x_wconf 88' lang='grc'>139</span> <span class='ocrx_word' id='word_1_140' title='bbox 796 2267 851 2333; x_wconf 89' lang='lat' dir='ltr'>ubi</span> <span class='ocrx_word' id='word_1_141' title='bbox 879 2267 1052 2352; x_wconf 82' lang='lat' dir='ltr'>„ineptus“</span> <span class='ocrx_word' id='word_1_142' title='bbox 1080 2269 1275 2352; x_wconf 89' lang='lat' dir='ltr'>appellatur,</span> <span class='ocrx_word' id='word_1_143' title='bbox 1311 2276 1350 2334; x_wconf 84' lang='lat' dir='ltr'>et·</span> 
     </span>
     <span class='ocr_line' id='line_1_19' title="bbox 208 2384 1343 2472; baseline 0.004 -24"><span class='ocrx_word' id='word_1_144' title='bbox 208 2405 249 2448; x_wconf 88' lang='lat' dir='ltr'>ex</span> <span class='ocrx_word' id='word_1_145' title='bbox 278 2384 352 2463; x_wconf 89' lang='lat' dir='ltr'>alio,</span> <span class='ocrx_word' id='word_1_146' title='bbox 385 2385 440 2468; x_wconf 87' lang='lat' dir='ltr'>qui</span> <span class='ocrx_word' id='word_1_147' title='bbox 470 2385 635 2449; x_wconf 83' lang='lat' dir='ltr'>invenitur</span> <span class='ocrx_word' id='word_1_148' title='bbox 658 2392 717 2450; x_wconf 91' lang='lat' dir='ltr'>sat.</span> <span class='ocrx_word' id='word_1_149' title='bbox 740 2387 766 2467; x_wconf 91' lang='grc' dir='ltr'>Ι,</span> <span class='ocrx_word' id='word_1_150' title='bbox 798 2394 826 2466; x_wconf 90' lang='grc'>4,</span> <span class='ocrx_word' id='word_1_151' title='bbox 863 2394 902 2452; x_wconf 88' lang='grc'>14</span> <span class='ocrx_word' id='word_1_152' title='bbox 931 2410 1011 2472; x_wconf 74' lang='lat' dir='ltr'>sqq,</span> <span class='ocrx_word' id='word_1_153' title='bbox 1042 2389 1098 2453; x_wconf 91' lang='lat' dir='ltr'>ubi</span> <span class='ocrx_word' id='word_1_154' title='bbox 1125 2389 1279 2454; x_wconf 89' lang='lat' dir='ltr'>Horatius</span> <span class='ocrx_word' id='word_1_155' title='bbox 1303 2388 1343 2453; x_wconf 91' lang='lat' dir='ltr'>de</span> 
     </span>
    </p>
   </div>
   <div class='ocr_carea' id='block_1_4' title="bbox 105 2498 1344 2590">
    <p class='ocr_par' dir='ltr' id='par_1_4' title="bbox 105 2498 1344 2590">
     <span class='ocr_line' id='line_1_20' title="bbox 105 2498 1344 2590; baseline 0.006 -25"><span class='ocrx_word' id='word_1_156' title='bbox 105 2498 108 2503; x_wconf 75' lang='grc'><strong>’</strong></span> <span class='ocrx_word' id='word_1_157' title='bbox 213 2507 285 2567; x_wconf 87' lang='lat' dir='ltr'>arte</span> <span class='ocrx_word' id='word_1_158' title='bbox 321 2503 389 2586; x_wconf 86' lang='lat' dir='ltr'>ejus</span> <span class='ocrx_word' id='word_1_159' title='bbox 417 2525 569 2568; x_wconf 80' lang='lat' dir='ltr'>versuum</span> <span class='ocrx_word' id='word_1_160' title='bbox 597 2506 894 2590; x_wconf 89' lang='lat' dir='ltr'>componendorum</span> <span class='ocrx_word' id='word_1_161' title='bbox 925 2507 1012 2573; x_wconf 87' lang='lat' dir='ltr'>dicit.</span> <span class='ocrx_word' id='word_1_162' title='bbox 1061 2510 1212 2588; x_wconf 83' lang='lat' dir='ltr'>Quamvis</span> <span class='ocrx_word' id='word_1_163' title='bbox 1235 2516 1344 2573; x_wconf 92' lang='lat' dir='ltr'>autem</span> 
     </span>
    </p>
   </div>
   <div class='ocr_carea' id='block_1_5' title="bbox 205 2627 1367 3671">
    <p class='ocr_par' dir='ltr' id='par_1_5' title="bbox 205 2627 1367 3671">
     <span class='ocr_line' id='line_1_21' title="bbox 207 2627 1343 2714; baseline 0.004 -25"><span class='ocrx_word' id='word_1_164' title='bbox 207 2630 316 2710; x_wconf 72' lang='lat' dir='ltr'>potta,</span> <span class='ocrx_word' id='word_1_165' title='bbox 359 2630 395 2690; x_wconf 90' lang='lat' dir='ltr'>ut</span> <span class='ocrx_word' id='word_1_166' title='bbox 429 2647 470 2691; x_wconf 87' lang='lat' dir='ltr'>ex</span> <span class='ocrx_word' id='word_1_167' title='bbox 505 2627 595 2708; x_wconf 91' lang='lat' dir='ltr'>locis,</span> <span class='ocrx_word' id='word_1_168' title='bbox 640 2650 719 2712; x_wconf 90' lang='lat' dir='ltr'>quos</span> <span class='ocrx_word' id='word_1_169' title='bbox 758 2630 933 2710; x_wconf 87' lang='lat' dir='ltr'>attulimus,</span> <span class='ocrx_word' id='word_1_170' title='bbox 968 2635 1117 2714; x_wconf 92' lang='lat' dir='ltr'>apparet,</span> <span class='ocrx_word' id='word_1_171' title='bbox 1154 2629 1343 2712; x_wconf 89' lang='lat' dir='ltr'>saepissime</span> 
     </span>
     <span class='ocr_line' id='line_1_22' title="bbox 207 2745 1343 2837; baseline 0.001 -27"><span class='ocrx_word' id='word_1_172' title='bbox 207 2745 362 2811; x_wconf 89' lang='lat' dir='ltr'>ridiculos</span> <span class='ocrx_word' id='word_1_173' title='bbox 393 2748 523 2813; x_wconf 87' lang='lat' dir='ltr'>Stoicae</span> <span class='ocrx_word' id='word_1_174' title='bbox 555 2747 749 2832; x_wconf 89' lang='lat' dir='ltr'>disciplinae</span> <span class='ocrx_word' id='word_1_175' title='bbox 783 2756 965 2816; x_wconf 88' lang='lat' dir='ltr'>sectatores</span> <span class='ocrx_word' id='word_1_176' title='bbox 988 2752 1203 2837; x_wconf 86' lang='lat' dir='ltr'>perstringat,</span> <span class='ocrx_word' id='word_1_177' title='bbox 1232 2753 1343 2813; x_wconf 90' lang='lat' dir='ltr'>tamen</span> 
     </span>
     <span class='ocr_line' id='line_1_23' title="bbox 205 2870 1344 2955; baseline 0.001 -22"><span class='ocrx_word' id='word_1_178' title='bbox 205 2870 307 2934; x_wconf 87' lang='lat' dir='ltr'>nihilo</span> <span class='ocrx_word' id='word_1_179' title='bbox 346 2870 452 2936; x_wconf 91' lang='lat' dir='ltr'>secius</span> <span class='ocrx_word' id='word_1_180' title='bbox 499 2870 539 2935; x_wconf 92' lang='lat' dir='ltr'>de</span> <span class='ocrx_word' id='word_1_181' title='bbox 576 2871 760 2937; x_wconf 89' lang='lat' dir='ltr'>hominibus</span> <span class='ocrx_word' id='word_1_182' title='bbox 804 2873 921 2938; x_wconf 85' lang='lat' dir='ltr'>Stoicis</span> <span class='ocrx_word' id='word_1_183' title='bbox 961 2893 1038 2937; x_wconf 81' lang='lat' dir='ltr'>vere</span> <span class='ocrx_word' id='word_1_184' title='bbox 1087 2873 1224 2955; x_wconf 84' lang='lat' dir='ltr'>egregiis</span> <span class='ocrx_word' id='word_1_185' title='bbox 1261 2891 1344 2936; x_wconf 88' lang='lat' dir='ltr'>sem·</span> 
     </span>
     <span class='ocr_line' id='line_1_24' title="bbox 208 2988 1344 3073; baseline 0 -20"><span class='ocrx_word' id='word_1_186' title='bbox 208 3010 271 3072; x_wconf 88' lang='lat' dir='ltr'>per</span> <span class='ocrx_word' id='word_1_187' title='bbox 298 3011 418 3073; x_wconf 83' lang='lat' dir='ltr'>magna</span> <span class='ocrx_word' id='word_1_188' title='bbox 448 3011 520 3055; x_wconf 90' lang='lat' dir='ltr'>cum</span> <span class='ocrx_word' id='word_1_189' title='bbox 550 2992 768 3055; x_wconf 89' lang='lat' dir='ltr'>admiratione</span> <span class='ocrx_word' id='word_1_190' title='bbox 800 3011 839 3053; x_wconf 91' lang='lat' dir='ltr'>ao</span> <span class='ocrx_word' id='word_1_191' title='bbox 868 2988 1068 3053; x_wconf 85' lang='lat' dir='ltr'>verecundia</span> <span class='ocrx_word' id='word_1_192' title='bbox 1090 2989 1244 3070; x_wconf 86' lang='lat' dir='ltr'>loquitur.</span> <span class='ocrx_word' id='word_1_193' title='bbox 1290 2988 1344 3053; x_wconf 91' lang='lat' dir='ltr'>Sic</span> 
     </span>
     <span class='ocr_line' id='line_1_25' title="bbox 206 3106 1344 3192; baseline -0.005 -18"><span class='ocrx_word' id='word_1_194' title='bbox 206 3110 377 3192; x_wconf 86' lang='lat' dir='ltr'>Panaetio,</span> <span class='ocrx_word' id='word_1_195' title='bbox 411 3111 468 3176; x_wconf 90' lang='lat' dir='ltr'>uni</span> <span class='ocrx_word' id='word_1_196' title='bbox 500 3132 540 3175; x_wconf 90' lang='lat' dir='ltr'>ex</span> <span class='ocrx_word' id='word_1_197' title='bbox 574 3109 783 3178; x_wconf 90' lang='lat' dir='ltr'>nobilissimis</span> <span class='ocrx_word' id='word_1_198' title='bbox 813 3107 931 3172; x_wconf 91' lang='lat' dir='ltr'>Stoicis</span> <span class='ocrx_word' id='word_1_199' title='bbox 950 3115 1000 3170; x_wconf 68' lang='lat' dir='ltr'>&#39;et</span> <span class='ocrx_word' id='word_1_200' title='bbox 1028 3106 1177 3169; x_wconf 84' lang='lat' dir='ltr'>Africani</span> <span class='ocrx_word' id='word_1_201' title='bbox 1209 3106 1344 3169; x_wconf 88' lang='lat' dir='ltr'>minoris</span> 
     </span>
     <span class='ocr_line' id='line_1_26' title="bbox 206 3226 1344 3313; baseline 0 -19"><span class='ocrx_word' id='word_1_202' title='bbox 206 3231 373 3313; x_wconf 89' lang='lat' dir='ltr'>Laeliique</span> <span class='ocrx_word' id='word_1_203' title='bbox 394 3231 559 3308; x_wconf 89' lang='lat' dir='ltr'>familiari,</span> <span class='ocrx_word' id='word_1_204' title='bbox 584 3229 799 3295; x_wconf 90' lang='lat' dir='ltr'>honorificum</span> <span class='ocrx_word' id='word_1_205' title='bbox 819 3249 998 3311; x_wconf 85' lang='lat' dir='ltr'>cognomen</span> <span class='ocrx_word' id='word_1_206' title='bbox 1022 3227 1182 3308; x_wconf 81' lang='lat' dir='ltr'>„nobilis“</span> <span class='ocrx_word' id='word_1_207' title='bbox 1193 3226 1224 3309; x_wconf 82' lang='grc'>3)</span> <span class='ocrx_word' id='word_1_208' title='bbox 1251 3231 1344 3294; x_wconf 86' lang='lat' dir='ltr'>attri-</span> 
     </span>
     <span class='ocr_line' id='line_1_27' title="bbox 206 3346 1367 3430; baseline 0.002 -17"><span class='ocrx_word' id='word_1_209' title='bbox 206 3347 287 3413; x_wconf 88' lang='lat' dir='ltr'>buit.</span> <span class='ocrx_word' id='word_1_210' title='bbox 312 3347 505 3430; x_wconf 85' lang='lat' dir='ltr'>Quantaque</span> <span class='ocrx_word' id='word_1_211' title='bbox 519 3347 637 3412; x_wconf 91' lang='lat' dir='ltr'>deinde</span> <span class='ocrx_word' id='word_1_212' title='bbox 656 3346 961 3413; x_wconf 88' lang='lat' dir='ltr'>cumadmiratione</span> <span class='ocrx_word' id='word_1_213' title='bbox 981 3347 1137 3413; x_wconf 86' lang='lat' dir='ltr'>Catonem</span> <span class='ocrx_word' id='word_1_214' title='bbox 1153 3349 1344 3415; x_wconf 90' lang='lat' dir='ltr'>Uticensem</span> <span class='ocrx_word' id='word_1_215' title='bbox 1364 3424 1367 3430; x_wconf 49' lang='grc'>,</span> 
     </span>
     <span class='ocr_line' id='line_1_28' title="bbox 208 3468 1344 3555; baseline 0.004 -22"><span class='ocrx_word' id='word_1_216' title='bbox 208 3468 339 3552; x_wconf 88' lang='lat' dir='ltr'>saepius</span> <span class='ocrx_word' id='word_1_217' title='bbox 363 3473 607 3548; x_wconf 88' lang='lat' dir='ltr'>commemorat,</span> <span class='ocrx_word' id='word_1_218' title='bbox 632 3488 728 3551; x_wconf 91' lang='lat' dir='ltr'>quem</span> <span class='ocrx_word' id='word_1_219' title='bbox 742 3468 945 3551; x_wconf 89' lang='lat' dir='ltr'>reipublicae</span> <span class='ocrx_word' id='word_1_220' title='bbox 957 3471 1126 3539; x_wconf 88' lang='lat' dir='ltr'>Romanae</span> <span class='ocrx_word' id='word_1_221' title='bbox 1142 3472 1344 3555; x_wconf 91' lang='lat' dir='ltr'>temporibus</span> 
     </span>
     <span class='ocr_line' id='line_1_29' title="bbox 209 3588 1341 3671; baseline 0.001 -17"><span class='ocrx_word' id='word_1_222' title='bbox 209 3609 333 3654; x_wconf 90' lang='lat' dir='ltr'>summa</span> <span class='ocrx_word' id='word_1_223' title='bbox 355 3589 444 3671; x_wconf 90' lang='lat' dir='ltr'>apud</span> <span class='ocrx_word' id='word_1_224' title='bbox 467 3588 595 3654; x_wconf 91' lang='lat' dir='ltr'>Stoicos</span> <span class='ocrx_word' id='word_1_225' title='bbox 619 3589 784 3656; x_wconf 91' lang='lat' dir='ltr'>Romanos</span> <span class='ocrx_word' id='word_1_226' title='bbox 806 3593 1003 3657; x_wconf 89' lang='lat' dir='ltr'>auctoritate</span> <span class='ocrx_word' id='word_1_227' title='bbox 1028 3592 1176 3657; x_wconf 86' lang='lat' dir='ltr'>floruisse</span> <span class='ocrx_word' id='word_1_228' title='bbox 1200 3593 1341 3657; x_wconf 87' lang='lat' dir='ltr'>constat!</span> 
     </span>
    </p>
   </div>
   <div class='ocr_carea' id='block_1_6' title="bbox 107 3709 1343 3794">
    <p class='ocr_par' dir='ltr' id='par_1_6' title="bbox 107 3709 1343 3794">
     <span class='ocr_line' id='line_1_30' title="bbox 107 3709 1343 3794; baseline -0.002 -20"><span class='ocrx_word' id='word_1_229' title='bbox 107 3749 110 3754; x_wconf 93' lang='lat'>·</span> <span class='ocrx_word' id='word_1_230' title='bbox 209 3711 310 3789; x_wconf 79' lang='lat' dir='ltr'>Quem</span> <span class='ocrx_word' id='word_1_231' title='bbox 335 3730 433 3774; x_wconf 91' lang='lat' dir='ltr'>carm.</span> <span class='ocrx_word' id='word_1_232' title='bbox 458 3709 482 3790; x_wconf 91' lang='lat' dir='ltr'>I,</span> <span class='ocrx_word' id='word_1_233' title='bbox 510 3715 558 3790; x_wconf 84' lang='lat'>12,</span> <span class='ocrx_word' id='word_1_234' title='bbox 583 3716 623 3776; x_wconf 86' lang='lat'>35</span> <span class='ocrx_word' id='word_1_235' title='bbox 647 3711 735 3776; x_wconf 91' lang='lat' dir='ltr'>inter</span> <span class='ocrx_word' id='word_1_236' title='bbox 757 3712 844 3776; x_wconf 87' lang='lat' dir='ltr'>viros</span> <span class='ocrx_word' id='word_1_237' title='bbox 862 3713 1002 3777; x_wconf 88' lang='lat' dir='ltr'>maxime</span> <span class='ocrx_word' id='word_1_238' title='bbox 1026 3712 1226 3777; x_wconf 88' lang='lat' dir='ltr'>excellentes</span> <span class='ocrx_word' id='word_1_239' title='bbox 1247 3730 1343 3794; x_wconf 89' lang='lat' dir='ltr'>prae-</span> 
     </span>
    </p>
   </div>
   <div class='ocr_carea' id='block_1_7' title="bbox 209 3894 1343 4070">
    <p class='ocr_par' dir='ltr' id='par_1_7' title="bbox 209 3894 1343 4070">
     <span class='ocr_line' id='line_1_31' title="bbox 261 3894 1343 4003; baseline -0.001 -21"><span class='ocrx_word' id='word_1_240' title='bbox 261 3931 282 3999; x_wconf 88' lang='grc'>1)</span> <span class='ocrx_word' id='word_1_241' title='bbox 301 3932 352 3985; x_wconf 91' lang='lat' dir='ltr'>sat.</span> <span class='ocrx_word' id='word_1_242' title='bbox 367 3930 402 3995; x_wconf 91' lang='lat' dir='ltr'>II,</span> <span class='ocrx_word' id='word_1_243' title='bbox 418 3930 442 3994; x_wconf 89' lang='lat'>3,</span> <span class='ocrx_word' id='word_1_244' title='bbox 457 3930 499 3984; x_wconf 84' lang='lat'>33.</span> <span class='ocrx_word' id='word_1_245' title='bbox 526 3931 629 3985; x_wconf 88' lang='lat' dir='ltr'>Eodem</span> <span class='ocrx_word' id='word_1_246' title='bbox 643 3894 723 3986; x_wconf 87' lang='lat' dir='ltr'>sensu</span> <span class='ocrx_word' id='word_1_247' title='bbox 737 3931 806 3984; x_wconf 90' lang='lat' dir='ltr'>illud</span> <span class='ocrx_word' id='word_1_248' title='bbox 822 3948 965 4003; x_wconf 80' lang='lat' dir='ltr'>»crepare«</span> <span class='ocrx_word' id='word_1_249' title='bbox 980 3932 1121 4002; x_wconf 87' lang='lat' dir='ltr'>usurparit</span> <span class='ocrx_word' id='word_1_250' title='bbox 1136 3929 1214 4000; x_wconf 87' lang='lat' dir='ltr'>epist.</span> <span class='ocrx_word' id='word_1_251' title='bbox 1228 3929 1248 3993; x_wconf 92' lang='grc' dir='ltr'>Ι,</span> <span class='ocrx_word' id='word_1_252' title='bbox 1263 3929 1287 3993; x_wconf 82' lang='grc'>7,</span> <span class='ocrx_word' id='word_1_253' title='bbox 1301 3927 1343 3982; x_wconf 87' lang='grc'>84.</span> 
     </span>
     <span class='ocr_line' id='line_1_32' title="bbox 209 4015 384 4070; baseline 0.006 -1"><span class='ocrx_word' id='word_1_254' title='bbox 209 4017 241 4070; x_wconf 91' lang='grc' dir='ltr'>Α.</span> <span class='ocrx_word' id='word_1_255' title='bbox 259 4015 289 4069; x_wconf 94' lang='lat' dir='ltr'>P.</span> <span class='ocrx_word' id='word_1_256' title='bbox 325 4016 384 4070; x_wconf 80' lang='lat'>247.</span> 
     </span>
    </p>
   </div>
   <div class='ocr_carea' id='block_1_8' title="bbox 260 4101 750 4263">
    <p class='ocr_par' dir='ltr' id='par_1_8' title="bbox 260 4101 750 4263">
     <span class='ocr_line' id='line_1_33' title="bbox 261 4101 750 4172; baseline 0.002 -16"><span class='ocrx_word' id='word_1_257' title='bbox 261 4103 284 4172; x_wconf 60' lang='grc' dir='ltr'>Ι)</span> <span class='ocrx_word' id='word_1_258' title='bbox 303 4103 337 4156; x_wconf 89' lang='lat' dir='ltr'>cf.</span> <span class='ocrx_word' id='word_1_259' title='bbox 357 4103 465 4172; x_wconf 80' lang='lat' dir='ltr'>Krltger</span> <span class='ocrx_word' id='word_1_260' title='bbox 482 4101 519 4156; x_wconf 89' lang='lat' dir='ltr'>ad</span> <span class='ocrx_word' id='word_1_261' title='bbox 536 4102 588 4156; x_wconf 92' lang='lat' dir='ltr'>sat.</span> <span class='ocrx_word' id='word_1_262' title='bbox 607 4101 628 4169; x_wconf 92' lang='lat' dir='ltr'>I,</span> <span class='ocrx_word' id='word_1_263' title='bbox 648 4103 671 4168; x_wconf 86' lang='lat'>1,</span> <span class='ocrx_word' id='word_1_264' title='bbox 692 4102 750 4158; x_wconf 82' lang='lat'>120.</span> 
     </span>
     <span class='ocr_line' id='line_1_34' title="bbox 260 4189 546 4263; baseline 0.007 -21"><span class='ocrx_word' id='word_1_265' title='bbox 260 4189 284 4263; x_wconf 82' lang='lat'>3)</span> <span class='ocrx_word' id='word_1_266' title='bbox 303 4205 387 4243; x_wconf 88' lang='lat' dir='ltr'>carm.</span> <span class='ocrx_word' id='word_1_267' title='bbox 406 4189 426 4254; x_wconf 86' lang='grc' dir='ltr'>Ι,</span> <span class='ocrx_word' id='word_1_268' title='bbox 445 4189 486 4256; x_wconf 83' lang='grc'>29,</span> <span class='ocrx_word' id='word_1_269' title='bbox 506 4190 546 4244; x_wconf 79' lang='lat'>14.</span> 
     </span>
    </p>
   </div>
   <div class='ocr_carea' id='block_1_9' title="bbox 0 0 1448 4724">
    <p class='ocr_par' dir='ltr' id='par_1_9' title="bbox 0 0 1448 4724">
     <span class='ocr_line' id='line_1_35' title="bbox 0 0 1448 4724; baseline 0 0"><span class='ocrx_word' id='word_1_270' title='bbox 0 0 1448 4724; x_wconf 95' lang='lat' dir='ltr'> </span> 
     </span>
    </p>
   </div>
  </div>
 </body>
</html>
