2886 4724
711 133 729 191 7

155 341 267 420 putet,
304 355 366 417 qua
396 334 430 398 in
452 354 489 398 re
520 332 584 398 duo
618 333 758 398 maxime
790 333 936 398 carmina
968 332 1066 416 digna
1088 338 1172 410 sunt,
1209 351 1291 414 quae

158 454 345 520 accuratius
367 454 593 537 inspiciantur.
639 455 706 519 Sat.
723 453 765 533 H,
790 457 807 516 3
833 453 919 516 enim
942 451 1098 517 Horatius
1120 449 1292 514 ridiculum

157 574 319 657 quendam
350 575 531 658 loquacem,
562 574 807 655 Damasippum,
832 571 966 650 inducit,
991 571 1175 637 Stoicorum
1197 591 1292 653 prae-

157 701 254 778 cepta
275 696 471 760 tradentem.
517 696 639 759 Fuerat
668 694 723 758 ille
747 701 921 774 mercator,
953 692 1010 758 sed
1033 713 1132 776 quum
1163 693 1292 775 „omnis

156 815 233 898 ejus,
257 821 294 880 ut
316 815 385 898 ipse
410 813 500 893 dicit,
518 811 542 893 ¹)
575 833 629 878 res
651 812 793 876 medium
824 811 865 876 ad
886 814 1004 879 Janum
1037 813 1145 877 fracta
1175 811 1293 893 esset,‘⁴

103 969 104 973 =
155 934 198 998 ad
228 933 472 1016 philosophiam
507 931 650 996 Stoicam
688 931 888 1014 confugerat,
925 953 989 1014 qua
1017 932 1115 998 rebus
1146 931 1293 996 adversis

156 1051 278 1116 solacio
318 1055 475 1114 uteretur.
536 1049 599 1128 Qui
638 1049 858 1114 Saturnalium
893 1050 990 1115 Festo
1030 1051 1218 1131 Horatium,
1258 1052 1293 1115 in

156 1170 276 1237 Sabino
319 1191 376 1234 suo
423 1175 618 1248 versantem,
665 1168 742 1248 adit,
789 1168 1016 1253 objurgaturus
1056 1171 1164 1250 iHum,
1207 1171 1293 1253 quod

153 1300 222 1359 tam
245 1293 300 1357 diu
327 1298 430 1356 artem
454 1290 619 1374 poeticam
641 1290 831 1372 neglexerit.
874 1291 951 1356 Mox
973 1313 1051 1356 vero
1072 1311 1169 1374 quum
1185 1312 1292 1357 sermo

153 1412 278 1477 incidat
306 1413 340 1476 in
370 1412 568 1478 sententiam
601 1410 691 1474 illam
722 1409 922 1491 Stoicorum,
956 1418 1092 1496 praeter
1125 1411 1292 1495 sapientes

155 1555 267 1598 omnes
298 1533 445 1599 homines
475 1554 545 1598 esse
575 1533 692 1598 stultos
722 1539 821 1616 atque
855 1533 999 1614 insanos,
1012 1532 1040 1616 2)
1070 1513 1290 1616 Damasippus

155 1630 264 1717 multis
299 1651 407 1719 verbis
437 1653 619 1718 Stoicorum
653 1659 835 1735 praecepta
872 1653 1015 1736 exponit,
1062 1673 1144 1736 quae
1188 1674 1293 1736 nuper

155 1772 283 1837 demum
305 1771 376 1854 ipse
400 1792 420 1835 a
442 1771 599 1836 Stertinio
609 1771 638 1851 ³)
668 1770 807 1854 quodam
832 1772 942 1838 Stoico
974 1774 1113 1857 accepit.
1165 1775 1236 1852 Qua
1258 1773 1292 1839 in

155 1894 257 1958 satira
280 1891 383 1957 omnis
410 1891 495 1955 ratio
519 1890 658 1971 dicendi,
693 1913 757 1974 qua
787 1892 1005 1977 Damasippus
1037 1893 1149 1974 utitur,
1184 1893 1292 1959 riden—
1340 1939 1343 1943 -

154 2013 213 2078 dus
247 2012 303 2076 ille
345 2010 472 2091 fervor,
517 2033 579 2094 quo
613 2012 807 2096 sapientiam
843 2035 934 2080 suam
969 2018 1136 2079 ostentare
1171 2014 1290 2094 studet,

150 2155 279 2200 summa
316 2133 455 2216 denique
491 2133 592 2197 totius
623 2135 792 2214 sermonis,
828 2156 868 2198 ex
902 2155 965 2218 quo
996 2134 1146 2215 efficitur,
1181 2155 1292 2202 omnes

156 2255 303 2319 homines
342 2254 489 2337 exceptis
531 2251 648 2317 Stoicis
690 2254 852 2335 insanire,
895 2254 936 2320 ah
975 2255 1113 2320 Horatio
1155 2255 1291 2320 consilio

153 2374 304 2438 instituta
327 2394 397 2439 esse
418 2373 570 2438 videntur
593 2373 634 2438 ad
649 2374 849 2441 illudendam
869 2375 960 2441 illam
981 2375 1163 2441 Stoicorum
1179 2397 1292 2458 super·
1393 2388 1395 2394 '

153 2493 256 2572 biam,
280 2513 344 2575 qua
366 2493 497 2557 Horatii
519 2493 719 2575 temporibus
743 2495 896 2560 virtutem
920 2515 1012 2559 suam
1039 2515 1120 2579 prae
1144 2515 1178 2559 se
1202 2495 1290 2559 ferre

153 2613 312 2678 solebant.
359 2608 488 2692 Optime
514 2611 699 2691 comparari
721 2616 832 2693 potest
855 2632 928 2674 oum
951 2613 1014 2676 hoc
1038 2614 1181 2678 carmine
1206 2613 1288 2695 ejus-

155 2732 231 2795 dem
255 2728 331 2793 libri
354 2734 414 2793 sat.
440 2733 469 2806 7,
494 2726 535 2790 de
559 2747 623 2808 qua
646 2727 731 2791 idem
755 2728 824 2793 fere
848 2728 1021 2794 dicendum
1045 2736 1104 2796 est.
1150 2731 1294 2814 Exponit

161 2850 246 2916 enim
277 2850 311 2914 in
335 2870 374 2915 ea
396 2850 507 2914 Davus
530 2846 671 2931 quidam,
696 2848 825 2912 Horatii
849 2869 971 2930 servus,
1000 2850 1130 2916 Stoicae
1160 2851 1289 2934 sapien-

152 2971 218 3036 tiae
245 2976 436 3055 praecepta,
466 2976 500 3034 et
527 2968 598 3052 ipse
628 2967 662 3033 in
686 2968 906 3035 Saturnalium
929 2968 1063 3053 festo,⁴)
1097 2970 1287 3056 eodemque,

152 3093 208 3158 illo
232 3092 344 3174 nimio,
376 3112 438 3177 quo
462 3089 691 3173 Damasippus,
724 3090 820 3156 eain
843 3111 879 3155 re
903 3091 1009 3156 studio
1040 3091 1150 3157 utitur.
1198 3094 1288 3173 Quae

152 3210 214 3276 duo
246 3213 392 3277 carmina
422 3214 521 3296 plane
551 3211 593 3278 ab
623 3212 761 3279 Horatio
794 3234 834 3278 ea
862 3220 975 3280 mente
1005 3216 1186 3299 composita
1217 3235 1289 3282 esse

152 3329 313 3410 videntur,
347 3337 384 3395 ut
405 3331 592 3423 Stoicorum
618 3332 862 3417 philosophiam
893 3335 926 3400 in
950 3335 1050 3401 risum
1081 3340 1227 3402 verteret
1249 3355 1289 3401 ac

152 3447 292 3514 ludibrio
317 3450 465 3517 haberet.
500 3450 565 3516 Sed
587 3471 628 3515 ne
644 3452 679 3515 in
704 3452 778 3517 aliis
802 3454 929 3537 quidem
951 3456 1149 3522 carminibus
1171 3456 1290 3522 desunt

152 3570 228 3650 loci,
253 3569 368 3652 quibus
391 3571 547 3638 Horatius
574 3571 790 3656 philosophos
813 3573 953 3657 Stoicos,
982 3576 1126 3659 quitum
1148 3575 1287 3642 maxime

202 3881 225 3950 3)
244 3881 279 3935 cf.
300 3880 379 3950 epist.
398 3881 418 3944 I,
438 3880 479 3944 12,
498 3881 531 3934 20
556 3881 736 3937 »Stertinium
759 3900 899 3938 acumen«
929 3916 962 3924 -
988 3881 1130 3936 Permulta
1147 3881 1227 3937 illum
1253 3883 1287 3939 de

151 3965 249 4021 Stoicis
267 3966 406 4036 scripsisse
423 3965 571 4020 scholiasta
588 3968 717 4022 testatur.
787 4030 793 4039 ⁸

202 4052 226 4123 ⁴)
246 4053 285 4107 De
303 4070 357 4122 quo
376 4054 412 4109 cf.
430 4051 541 4117 Preller,
559 4052 678 4121 Mythol.
695 4052 730 4118 II,
749 4071 812 4122 pag.
831 4054 881 4109 341
901 4069 959 4121 sqq.
