2886 4724
666 149 701 211 ll

117 362 224 420 tarum
261 343 511 439 cogitationibus
524 354 528 361 ’
542 361 615 418 orta
645 353 787 437 fictaque
818 374 888 417 esse
918 373 1108 435 persuasum
1138 350 1247 431 habet,

118 497 182 558 qua
206 496 304 539 exre
327 475 361 540 id
384 495 512 558 quoque
542 473 745 556 intelligitur,
781 473 867 556 quod
900 473 934 535 in
966 473 1161 538 carminibus
1184 473 1249 537 suis

116 595 236 678 lyricis,
261 594 414 660 liberiore
435 594 530 669 modo
552 593 749 676 compositis,
768 592 898 676 saepius
917 612 1028 657 earum
1046 593 1247 657 mentionem

116 715 229 798 injicit,
265 711 361 798 quam
392 715 425 779 in
456 713 613 796 epistolia,
651 733 734 794 quae
766 733 837 776 cum
860 713 1021 795 gravitate
1044 713 1185 795 quadam
1209 734 1249 777 ac

115 837 292 901 severitate
323 835 466 918 scriptae
496 839 579 899 sunt.
639 833 731 911 Quod
760 833 878 898 deinde
907 853 1093 916 supremum
1117 832 1248 915 aliquod

116 977 236 1019 numen
271 974 342 1018 esse
374 960 478 1037 putat,
510 975 572 1036 quo
601 953 738 1018 mundus
761 958 894 1038 regatur
917 959 1015 1036 atque
1039 953 1248 1018 administre-

115 1080 179 1152 tur,
204 1072 387 1138 Stoicorum
412 1073 494 1137 haec
517 1074 645 1156 quidem
669 1075 833 1138 sententia
855 1081 914 1153 est,
938 1073 1077 1138 sed-uec
1094 1075 1156 1139 hac
1180 1074 1249 1155 qui-

115 1193 188 1258 dem
218 1194 252 1257 in
283 1214 318 1258 re
352 1195 440 1259 omni
470 1215 509 1259 ex
538 1200 633 1276 parte
658 1215 730 1259 cum
762 1194 802 1259 iis
830 1195 989 1278 congruit.
1036 1193 1139 1258 Stoici
1163 1194 1249 1258 enim

114 1313 289 1397 ,mundum
312 1312 406 1378 deum
430 1313 584 1379 dicebant
606 1336 687 1395 esse,
721 1320 755 1378 et
778 1315 846 1398 ejus
870 1315 971 1378 animi
993 1313 1154 1378 fusionem
1178 1314 1248 1379 uni-

114 1433 313 1515 versam,“¹)
349 1435 439 1518 cujus
467 1437 651 1501 sententiae
680 1436 803 1500 nullum
835 1436 868 1500 in
898 1435 1027 1499 Horatii
1050 1433 1248 1499 carminibus
1300 1506 1306 1515 ,

115 1552 296 1619 invenimus
319 1555 500 1638 vestigium.
546 1556 636 1633 Quae
660 1554 800 1639 denique
825 1554 864 1619 de
889 1556 1030 1620 siderum
1044 1561 1135 1620 motu
1157 1553 1246 1634 dicit,

115 1672 351 1754 Epicureorum
370 1675 559 1757 praeceptis
577 1681 800 1741 consentanea
813 1697 883 1742 esse
904 1696 1005 1758 supra
1019 1675 1088 1758 jam
1100 1676 1247 1741 vidimus.

220 1793 292 1858 Non
315 1794 414 1876 plane
438 1794 480 1859 ad
508 1795 594 1859 idem
617 1795 854 1880 perveniemus,
886 1796 923 1875 si,
948 1816 1031 1878 quae
1054 1795 1185 1860 Horatii
1206 1795 1247 1860 de

115 1913 308 1994 homiuibus,
342 1914 383 1979 de
413 1915 571 1979 societate
600 1916 751 1996 humana,
787 1914 826 1979 de
857 1916 968 1980 anima
995 1916 1105 2000 opinio
1135 1913 1245 1995 fuerit,

114 2035 298 2100 accuratius
319 2036 592 2119 perspexerimus.
638 2037 709 2114 Qua
736 2037 770 2100 in
800 2058 836 2101 re
865 2037 952 2102 idem
975 2036 1045 2101 fere
1077 2058 1150 2102 eum
1174 2057 1246 2101 sen-

114 2155 192 2221 sisse
216 2154 405 2234 videbimus,
429 2154 515 2237 quod
538 2155 724 2239 Epicurum,
749 2157 804 2240 qui
827 2177 901 2222 suas
924 2157 974 2223 his
996 2157 1029 2221 iu
1053 2154 1151 2222 rebus
1173 2178 1245 2222 sen·

112 2274 234 2339 tentiae
264 2295 285 2339 a
309 2275 438 2358 jouicis,
470 2296 549 2358 quos
580 2275 705 2355 dieunt,
740 2276 940 2361 physiologis
969 2280 1134 2340 mutuatus
1164 2279 1245 2340 erat.

31 2433 33 2436 -
114 2393 199 2459 Ante
212 2396 331 2460 omnia
346 2396 409 2462 hac
425 2397 458 2460 in
478 2397 668 2479 quaestione
685 2397 887 2462 adhibendus
908 2402 978 2462 esse
996 2397 1126 2462 videtur
1142 2397 1244 2477 locus,

113 2514 169 2596 qui
192 2520 242 2579 est
265 2515 362 2594 satl,
387 2521 416 2594 3,
442 2522 492 2594 98,
518 2515 573 2579 ubi
596 2516 636 2579 de
659 2516 784 2598 origine
809 2523 843 2580 et
864 2518 1092 2599 progressione
1116 2518 1245 2600 generis

112 2634 245 2699 humani
268 2636 424 2699 Horatius
453 2634 605 2718 loquitur.
651 2635 768 2698 Miram
798 2636 853 2699 ille
881 2636 973 2700 locus
1002 2636 1244 2701 similitudinem

113 2772 194 2836 prae
227 2773 261 2817 se
292 2753 358 2817 fert
389 2774 462 2818 oum
496 2753 544 2834 iis,
582 2774 664 2836 quae
693 2754 866 2819 Lucretius
894 2754 931 2833 V,
964 2759 1026 2819 780
1056 2775 1124 2838 sqq.
1155 2755 1244 2822 dicit.

112 2873 258 2953 ,Mutum
283 2880 317 2938 et
338 2878 434 2958 turpe
450 2875 572 2958 pecus“
588 2875 736 2940 homines
751 2874 865 2958 primis
879 2875 977 2939 terris
997 2883 1243 2958 prorepserunt,

112 2996 286 3080 statimque
311 3002 480 3063 certamen
503 2999 590 3062 inter
619 3017 674 3062 eos
704 2996 826 3061 exarsit
849 3001 1007 3078 ,propter
1037 2993 1188 3078 glandem
1212 3001 1245 3060 et

112 3116 264 3198 cubilia,“
296 3119 550 3201 pugnabantque
580 3117 686 3202 primo
715 3116 874 3199 unguibus
904 3121 937 3179 et
966 3114 1091 3198 pugnis,
1126 3115 1243 3181 deinde

111 3235 265 3316 fustibus,
301 3239 440 3322 denique
473 3262 533 3304 usu
567 3238 671 3318 docti,
707 3239 814 3304 armis.
872 3238 1041 3302 Postremo
1076 3235 1176 3300 verba
1211 3242 1244 3300 et

111 3353 244 3417 nomina
267 3355 463 3421 invenerunt
485 3358 527 3422 ad
558 3358 771 3442 exprimenda
802 3379 850 3438 ea,
886 3377 970 3440 quae
1001 3354 1188 3420 sentiebant
1210 3359 1244 3418 et

111 3472 317 3554 cogitabant3
342 3475 466 3540 abello
482 3475 688 3555 destiterunt,
710 3478 807 3543 urbes
828 3477 969 3542 condere
985 3476 1138 3558 legesque
1162 3473 1242 3538 dare

111 3598 297 3677 coeperunt·
322 3616 384 3677 ,ne
416 3594 487 3678 quis
517 3595 570 3660 fur
592 3601 679 3661 esset
708 3616 771 3661 neu
794 3597 879 3661 latro
902 3617 968 3661 neu
989 3595 1061 3678 quis
1083 3593 1243 3658 adulter.“

109 3714 168 3778 Jus
198 3713 296 3797 igitur
324 3714 490 3794 Horatius,
525 3721 560 3779 ut
590 3715 760 3799 Epicurus,
773 3714 801 3796 2)
835 3737 875 3780 ex
909 3719 1070 3780 convento
1104 3710 1241 3794 quodam

215 3851 236 3920 1)
256 3850 310 3905 Cic.
328 3851 387 3905 nat.
406 3850 484 3903 Decr.
503 3850 524 3913 I,
545 3851 584 3914 15,
603 3851 643 3904 39.
679 3850 728 3905 cfr.
747 3849 826 3921 Diog.
846 3849 1008 3913 LaertVH,
1025 3849 1074 3900 147
1096 3834 1128 3903 ro*
1154 3840 1243 3919 μέρος

108 3931 163 3986 τοῦ
185 3931 260 3984 θεοῦ
281 3917 312 3985 tri
338 3929 444 4002 διῆκον
467 3921 517 3983 διὰ
539 3921 668 3984 πάντων.

211 4005 235 4076 ²)
253 4005 332 4075 Diog.
352 4005 441 4059 [laert.
459 4003 492 4068 X,
511 4003 552 4057 36.
1035 4075 1052 4130 3
