2886 4724
701 183 741 242 29

614 257 818 274 —'---——-·

256 386 317 464 Qui
339 406 417 450 vero
439 386 620 470 sapientiae
651 371 757 450 studio
782 384 941 449 adductus
964 406 1003 450 eo
1024 385 1092 468 jam
1122 384 1284 467 pervenit,

151 514 188 572 ut
209 507 259 573 sui
288 529 418 592 semper
446 507 618 591 imperium
648 512 771 586 teneat,
806 506 1012 588 animumque
1037 505 1170 569 'catenis
1199 525 1286 568 com·

151 631 275 708 pesest,
294 627 337 700 ¹is
370 628 472 691 multo
506 627 612 690 minus
645 645 755 688 rerum
790 629 998 688 externarum
1028 613 1312 689 dominationem¹

152 745 302 812 dimittet.
327 748 429 825 Quam
444 745 643 810 sententiam
661 743 701 808 ab
718 744 856 808 Horatio
879 743 1001 827 optime
1025 743 1191 827 prolatam
1215 766 1285 810 esse

151 867 297 932 videmus
327 866 444 943 verbis,
481 883 563 946 quae
592 870 667 927 sunt
697 863 792 946 epist.
816 862 841 942 I,
869 862 898 937 1,
920 869 970 943 19,
1006 863 1061 928 ubi
1090 863 1131 927 de
1159 885 1193 928 se
1217 865 1286 946 ipse
1375 912 1377 916 -

151 986 327 1069 praedicat
350 983 451 1065 „mihi
473 1004 536 1062 res,
561 1004 627 1047 non
649 1004 700 1047 me
723 984 821 1048 rebus
843 984 1035 1068 subjungere
1054 983 1186 1048 οοηοιν.α
1231 983 1288 1048 Sa-

154 1104 260 1187 pienti
283 1109 391 1168 autem
421 1124 518 1186 quum
547 1105 677 1167 omnino
702 1103 880 1188 cavendum
904 1105 954 1183 sit,
985 1125 1027 1168 ne
1050 1125 1090 1167 ex
1113 1103 1209 1167 rebus
1233 1125 1303 1167 ex·-

154 1222 258 1286 ternis
276 1221 422 1304 pendeat
438 1227 474 1285 et
492 1221 551 1286 sub
572 1241 682 1286 earum
701 1221 857 1285 ditionem
876 1222 996 1303 veniat,
1015 1225 1154 1287 maxime
1175 1244 1286 1288 earum

153 1363 261 1405 rerum
285 1342 457 1424 imperium
480 1341 647 1406 vitandum
671 1348 731 1420 est,
753 1347 833 1424 qu'as
855 1343 1032 1426 praecipue
1053 1343 1201 1410 homines
1218 1365 1287 1408 sec·
1369 1328 1372 1332 ’

151 1466 265 1525 tantur
287 1467 385 1542 atque
409 1467 579 1545 appetunt,
605 1482 718 1526 aurum
741 1471 922 1546 argentum,
953 1463 1160 1547 splendorem
1184 1465 1286 1529 hono-

79 1601 82 1606 ·
151 1602 221 1659 res,
267 1582 386 1664 gaudia
418 1583 615 1668 voluptates.
679 1582 769 1647 Nihil
802 1582 901 1665 igitur
935 1583 1090 1648 Horatius
1124 1582 1287 1667 antiquius

153 1703 263 1782 habet,
299 1713 400 1786 quam'
424 1710 461 1769 ut
491 1705 670 1769 identidem
699 1704 834 1768 nimium
863 1704 990 1767 illarum
1014 1725 1124 1768 rerum
1146 1702 1286 1768 studium

154 1823 335 1887 cavendum
358 1845 428 1889 esse
452 1825 607 1907 aequales
621 1828 845 1908 praemoneat,
870 1843 1029 1904 quamque
1050 1824 1184 1887 stultum
1206 1822 1288 1913 illud

153 1945 206 2026 sit,
231 1948 307 2007 ante
332 1945 442 2009 oculos
464 1945 504 2010 iis
526 1952 637 2030 ponat,
668 1965 775 2028 neque
805 1944 839 2006 in
866 1942 1062 2010 carminibus
1084 1944 1188 2007 minus
1211 1942 1288 2027 lyri-

155 2068 211 2145 cis,
245 2087 343 2149 quam
372 2068 406 2131 in
440 2040 558 2132 satiris
583 2076 681 2151 atque
718 2069 863 2152 epistolis
897 2088 979 2150 „per
1012 2067 1143 2130 humum
1178 2063 1288 2147 potius

153 2188 364 2272 repentibus“
379 2187 403 2271 Ι)
436 2190 592 2273 permulti
618 2190 692 2267 loci,
724 2190 757 2253 in
781 2210 854 2253 eam
876 2210 946 2280 rem
970 2192 1169 2271 spectantes,
1199 2185 1288 2248 inve-

153 2310 296 2375 niuntur.
334 2311 381 2375 Ac
404 2331 484 2394 prae
509 2311 628 2376 ceteris
652 2310 782 2393 quidem
805 2311 892 2375 vitiis
916 2308 1087 2373 avaritiam
1108 2307 1287 2389 impugnat,

155 2430 207 2493 cui
229 2431 378 2514 plerique
403 2432 587 2514 aequalium
617 2431 720 2495 dediti
749 2452 861 2495 aurum
892 2435 1126 2511 argentumque
1155 2423 1291 2488 ineatis*

153 2551 210 2616 bili
240 2554 420 2637 cupiditate
437 2546 662 2635 appetebant.
708 2552 786 2616 Cum
810 2551 991 2633 hydropico
1025 2568 1158 2611 avarum
1182 2547 1288 2610 Hora-

152 2673 217 2737 tius
241 2678 422 2753 comparat,
447 2692 554 2752 quum,
578 2677 615 2734 ut
636 2670 702 2749 ille,
734 2691 797 2753 quo
819 2670 893 2752 plus
916 2668 1014 2746 bibit,
1048 2687 1085 2731 eo
1110 2666 1212 2748 magis
1234 2652 1289 2729 siti

153 2793 300 2870 vexatur,
325 2790 416 2853 avari
440 2812 566 2874 quoque
591 2791 753 2874 cupiditas
768 2789 870 2872 magis
886 2788 1051 2871 magisque
1075 2786 1168 2851 novis
1191 2805 1289 2868 quae-

153 2910 256 2978 stibus
281 2909 489 2994 augeatur.²)
533 2911 645 2994 Neque
668 2911 769 2975 ullam
792 2910 900 2975 avaris
924 2930 1003 2992 opes
1027 2926 1180 2973 corrasae
1203 2905 1290 2970 utili·-

154 3041 256 3099 tatem
285 3033 460 3113 praebent,
498 3053 610 3114 quum,
646 3052 687 3094 ne
722 3032 925 3109 minuantur,
958 3030 996 3093 iis
1030 3028 1078 3092 uti
1100 3030 1288 3106 vereantur,

155 3155 364 3238 quamobrem

261 3275 345 3357 „Qui
368 3275 458 3358 cupit
480 3281 536 3338 aut
559 3276 684 3353 metuit,
704 3276 798 3358 juvat
821 3274 911 3338 illum
935 3272 981 3337 sic
1004 3271 1118 3337 domus
1142 3277 1175 3350 et
1198 3289 1260 3348 ree,

282 3396 327 3460 Ut
349 3395 472 3478 lippum
496 3396 605 3477 pictae
623 3396 770 3475 tabulae,
795 3396 941 3461 fomenta
963 3393 1152 3478 podagram,

284 3516 455 3581 Auriculas
480 3515 627 3580 citharae
652 3515 793 3579 collecta
815 3517 911 3581 sorde
935 3513 1131 3596 dolentes.3)

258 3636 387 3700 Tantali
423 3636 526 3699 instar
560 3633 614 3698 ille
644 3632 728 3695 farne
760 3634 879 3714 sitique
911 3634 1079 3698 confectus
1111 3631 1214 3713 copiis
1236 3628 1289 3691 vel

154 3776 412 3784 ——n-——-———-

261 3843 281 3911 1)
300 3840 379 3910 epist
397 3840 464 3903 11,1
452 3838 552 3902 1,250.

259 3928 282 3996 ²)
301 3945 384 3981 earm.
403 3925 472 3989 11,2
475 3926 609 3992 ‚1.3sqq

258 4013 281 4082 ³)
300 4013 379 4082 epist.
397 4013 418 4075 Ι,
437 4012 461 4074 2,
480 4012 509 4063 51
531 4029 589 4079 sqq.
