2894 4724
723 228 757 290 ll

630 316 835 324 0————-

164 435 322 520 ejusmodi
358 434 454 500 rebus
489 434 617 499 ratione
651 435 760 518 potius
796 451 892 515 quam
925 429 989 495 fide
1023 429 1085 493 niti
1117 426 1300 492 videantur.

162 557 259 639 Cujus
270 556 319 620 rei
334 555 516 640 exemplum
529 553 649 619 afferre
667 554 778 632 liceat,
799 549 885 635 quod
902 550 936 614 in
953 548 1140 614 nominibus
1157 548 1301 612 Deorum

163 675 354 741 adhibendis
384 696 483 759 saepe
520 697 584 740 non
614 680 682 738 tam
709 672 876 755 religionis
906 691 1001 754 quam
1040 670 1120 734 artis
1148 669 1300 752 poeticae

161 796 322 860 rationem
346 795 464 875 habet3
496 795 581 879 qnod
605 815 646 857 ex
668 793 708 857 iis
731 792 869 856 maxime
900 791 982 855 locis
1005 795 1154 873 apparet,
1183 788 1297 871 quibus

160 937 193 980 se
218 936 280 999 ope
305 914 368 979 Dei
390 915 556 996 cujusdam
580 934 600 976 a
621 918 726 977 morte
751 918 916 976 servatum
945 930 1016 975 esse
1052 914 1176 989 narrat,
1215 929 1298 992 quae

160 1035 278 1098 arbore
312 1033 506 1097 concidente
531 1031 561 1095 ei
590 1028 806 1113 impenderat.
859 1028 965 1094 Carm.
989 1027 1031 1107 ΙΙ,
1061 1032 1108 1106 17,
1140 1032 1180 1092 28
1214 1028 1300 1090 enim

160 1155 316 1232 Faunum,
347 1149 514 1216 custodem
538 1150 781 1215 Mercurialium
803 1149 957 1229 virorum,
988 1148 1089 1212 ictum
1121 1147 1257 1212 fatalem
1280 1168 1301 1210 a

160 1294 194 1337 se
224 1272 422 1351 defendisse,
458 1292 556 1336 carm.
581 1271 640 1350 ΙΙΙ,
677 1277 706 1350 4,
742 1275 782 1334 27
819 1270 928 1334 Musas
959 1270 1098 1335 amicum
1132 1291 1223 1334 suum
1260 1288 1301 1332 ex

158 1400 264 1457 morte
289 1393 447 1476 eripuisse
470 1390 561 1470 dicit,
586 1412 685 1455 carm.
706 1390 767 1468 ΙΙΙ,
784 1395 847 1470 8,8
871 1396 980 1454 autem
1007 1391 1157 1455 Bacchus
1180 1390 1300 1455 vindex

156 1513 297 1596 periculi
314 1512 538 1597 praedicatur.
570 1511 771 1590 Quinetiam
793 1511 849 1576 ubi
873 1511 953 1576 artis
977 1511 1128 1595 poeticae
1153 1512 1298 1576 rationes

156 1634 190 1697 id
211 1635 379 1717 postulare
403 1632 565 1712 videntur,
597 1653 638 1697 ne
662 1632 789 1699 dubitat
813 1633 952 1716 quidem,
986 1633 1039 1698 vel
1061 1633 1177 1698 talium
1201 1633 1296 1698 fabu-

160 1753 266 1817 larum
295 1753 494 1817 mentionem
525 1752 646 1830 facere,
677 1752 793 1835 quibus
825 1748 1014 1818 offensionis
1044 1753 1167 1836 aliquid
1197 1754 1292 1833 inest,

159 1893 223 1954 quo
247 1892 441 1954 exgenere,
465 1877 501 1934 ut
524 1870 590 1934 alia
613 1872 808 1951 omittamus,
831 1895 931 1937 unum
954 1873 1034 1938 illud
1057 1875 1206 1939 attulisse
1230 1873 1296 1938 suf-

158 1990 258 2070 ficiat,
283 1991 368 2073 quod
392 2012 489 2055 carm.
513 1990 539 2069 I,
566 1995 614 2070 10,
640 1996 658 2056 9
683 2013 750 2074 sqq.
781 1992 816 2056 in
839 1993 971 2076 hymno,
1006 1993 1117 2075 quiin
1141 1994 1297 2058 Mercurii

158 2114 317 2177 honorem
342 2112 539 2196 compositus
555 2118 613 2191 est,
638 2111 750 2177 fabula
765 2111 805 2177 de
823 2112 910 2178 furto
932 2114 1019 2180 illius
1042 2135 1107 2180 non
1130 2115 1298 2180 reticetur.

158 2233 201 2296 Et
235 2230 321 2315 quod
354 2230 395 2295 ad
429 2231 575 2294 Deorum
610 2230 768 2314 imagines
802 2231 938 2314 attinet,
973 2239 1101 2300 tantum
1134 2235 1237 2315 abest,
1260 2242 1297 2300 ut

157 2351 334 2418 secundum
351 2351 518 2433 vulgarem
534 2350 721 2433 opinionem
738 2372 793 2416 eas
811 2352 965 2417 colendas
980 2374 1050 2418 esse
1071 2354 1244 2434 existimet,
1261 2360 1298 2418 ut

159 2472 242 2536 nihil
266 2472 354 2536 alind
378 2490 434 2535 eas
458 2491 528 2534 esse
551 2490 741 2553 persuasum
764 2470 895 2551 habeat,
929 2493 1024 2555 quam
1060 2472 1145 2557 quod
1179 2495 1297 2539 revera

159 2599 255 2658 erant
279 2592 406 2677 lapides
426 2597 484 2655 aut
499 2590 596 2673 ligna.
633 2591 725 2670 Quod
741 2593 926 2676 intelligere
944 2594 1023 2659 licet
1041 2615 1082 2658 ex
1099 2599 1158 2658 sat.
1182 2594 1206 2674 Ι,
1221 2599 1250 2673 8,
1266 2598 1294 2675 2,

157 2709 213 2776 nbi
236 2709 323 2775 fabri
345 2710 483 2776 arbitrio
506 2714 607 2793 poeta
628 2711 802 2795 permittit,
828 2717 936 2776 utrum
960 2735 1001 2778 ex
1022 2719 1139 2779 trunco
1163 2713 1293 2794 liculno,

157 2830 287 2913 ,inutili
322 2831 444 2914 lign0,“
475 2853 640 2897 scamnum
675 2834 747 2914 ille,
789 2853 830 2897 an
864 2834 1020 2918 Priapum
1061 2832 1171 2897 facere
1206 2834 1294 2898 velit.

156 2954 389 3025 Verumtamen
418 2953 505 3018 Deos
537 2954 692 3037 precibus
721 2975 760 3018 ac
790 2954 960 3020 sacrificiis
990 2954 1195 3019 venerandos
1225 2975 1295 3020 esse

155 3072 315 3153 concedit,
352 3074 400 3138 ita
428 3080 551 3153 tamen,
585 3080 622 3140 ut
650 3097 716 3140 non
747 3097 787 3140 ex
818 3077 914 3160 copia
945 3083 978 3142 et
1006 3075 1115 3159 pretio
1150 3075 1294 3139 muneris

156 3193 258 3258 oblati
285 3191 426 3277 dignitas
456 3193 611 3259 sacrificii
637 3195 791 3278 pendeat,
823 3197 881 3262 sed
910 3217 950 3263 ex
981 3196 1089 3261 animo
1120 3216 1159 3260 ac
1183 3200 1293 3259 mente

157 3313 241 3393 ejus,
284 3313 340 3395 qui
368 3313 451 3379 illud
480 3313 587 3380 offert.
645 3316 748 3393 Quam
778 3318 974 3382 sententiam
1005 3319 1127 3401 optime
1159 3321 1295 3406 exponit

159 3449 256 3492 carm.
269 3429 329 3510 111,
347 3435 397 3512 23,
410 3454 473 3516 qno
487 3435 669 3519 Phidylam,
693 3437 838 3519 puellam
860 3439 1027 3519 rusticam,
1048 3438 1088 3503 de
1112 3441 1291 3523 exiguitate

157 3570 326 3615 munerum
359 3573 491 3618 suornm
523 3556 697 3621 sollicitam
739 3559 936 3624 consolatur.
1004 3559 1101 3643 Cujus
1139 3562 1291 3627 carminis

156 3670 305 3755 egregios
328 3671 428 3737 liceat
451 3680 613 3741 extremos
642 3698 755 3742 versus
786 3677 917 3758 afferre,
951 3679 984 3742 in
1016 3680 1131 3763 quibus
1154 3681 1292 3764 apertis-

154 3789 234 3855 sime
257 3790 315 3855 illa
338 3791 477 3872 Horatii,
501 3815 599 3878 quam
621 3796 717 3862 modo
741 3798 958 3881 exposuimus,
981 3799 1145 3865 sententia
1166 3800 1268 3868 inest:

413 3912 591 3993 „Immunis
615 3938 705 3982 aram
728 3920 755 3983 si
777 3901 887 4003 tetigit
909 3940 1033 3999 manus,

435 4033 508 4100 Non
531 4045 719 4121 sumptuosa
741 4039 892 4104 blandior
914 4040 1022 4104 hostia

435 4153 575 4220 Mollivit
596 4178 729 4223 aversos
750 4162 889 4240 penates

432 4275 535 4341 Ferre
558 4277 613 4360 pio
638 4282 672 4341 et
693 4278 831 4342 saliente
854 4276 971 4342 mica.“
