2886 4724
674 236 878 328 Δ.-

217 440 413 500 commotum
446 455 466 499 a
497 456 555 499 sua
583 435 623 500 de
646 436 705 501 Dis
735 437 887 521 opinione
917 437 1105 503 decessisse.
1152 441 1247 504 Haud
1272 444 1366 508 enim

210 555 306 620 dubie
332 575 462 619 carmen
479 555 504 634 I,
528 560 570 620 34
594 555 682 619 circa
705 577 824 621 annum
849 562 913 622 730
937 559 1149 642 compositum
1176 566 1226 624 est
1248 582 1362 643 neque

209 675 315 739 miuus
339 676 560 742 verisimiliter
584 679 723 762 epistola
746 678 771 758 Ι,
805 685 822 743 6
852 680 941 744 cirea
964 700 1083 743 annum
1115 685 1173 744 731
1201 687 1257 745 aut
1282 688 1361 753 732.

208 795 318 860 Nihilo
341 802 451 860 tamen
474 798 579 862 secius
595 799 741 863 uersibus
763 804 847 863 3—5
867 800 953 865 illius
973 801 1143 883 epistolae,
1163 802 1230 883 jam
1254 824 1364 886 supra

208 916 333 997 allatis,
370 918 485 999 quibus
519 924 624 983 motus
658 919 800 984 siderum
833 921 933 985 oertis
966 900 1104 985 naturae
1139 920 1261 985 viribus
1297 925 1363 987 tri-

208 1036 355 1124 buendos
380 1059 450 1102 esse
475 1039 564 1119 dicit,
590 1040 788 1122 „insanienti
818 1040 864 1103 illi
888 1040 1125 1122 Epicureorum
1148 1041 1362 1123 6661661166(ί

208 1178 278 1222 sese
303 1157 448 1221 deditum
471 1179 541 1222 esse
566 1159 777 1240 demonstrat,
803 1181 897 1242 quam
914 1159 1037 1225 duobus
1060 1167 1136 1225 ante
1161 1161 1255 1225 annis
1279 1183 1360 1229 eum

207 1278 411 1343 renuntiasse
439 1277 561 1342 dicunt.

311 1398 376 1464 Sed
398 1398 548 1464 sulficere
580 1399 662 1463 haec
695 1400 846 1464 videntur
869 1400 909 1463 ad
940 1402 1199 1483 cognoscendam
1222 1402 1357 1469 Horatii

206 1519 246 1584 de
271 1519 430 1602 religione
453 1520 540 1597 vulgi
564 1525 597 1583 et
620 1519 659 1583 de
680 1520 822 1583 Deorum
846 1525 964 1583 natura
987 1540 1026 1583 ac
1046 1521 1135 1583 cultu
1153 1523 1355 1604 opinionem.

206 1641 308 1718 Quam
342 1640 368 1703 si
400 1661 471 1703 cum
495 1640 680 1704 Stoicorum
705 1645 738 1704 et
761 1640 998 1723 Epicureorum
1013 1641 1194 1704 sententiis
1219 1664 1354 1726 compa-

206 1759 397 1838 raverimus,
430 1780 500 1824 eum
525 1765 675 1822 neutram
699 1758 905 1842 disciplinam
935 1759 985 1824 his
1009 1761 1041 1823 in
1071 1759 1168 1824 rebus
1191 1765 1279 1826 omni
1310 1787 1354 1832 ex

206 1884 301 1964 parte
325 1885 470 1944 secutum
494 1901 565 1944 esse
589 1879 772 1963 apparebit.
808 1879 880 1942 Non
905 1878 1105 1945 abhorrebat
1128 1881 1182 1946 ille
1208 1884 1350 1966 quidem,

205 2008 241 2064 ut
263 2021 364 2083 supra
386 2000 534 2079 vidimus,
563 2021 583 2063 a
605 2000 730 2082 vulgari
757 1999 796 2062 de
821 1998 878 2062 Dis
909 2001 1072 2083 opinione,
1103 2023 1208 2085 neque
1237 2009 1351 2070 tamen

204 2142 224 2185 a
246 2141 281 2185 se
305 2121 482 2204 impetrare
506 2126 648 2203 poterat,
679 2126 715 2182 ut
739 2118 847 2182 omnia
869 2121 1037 2202 religionis
1060 2122 1145 2188 illius
1167 2132 1351 2206 praecepta

204 2263 379 2324 omnesque
408 2241 658 2324 superstitiones
689 2250 892 2322 agnosceret.
939 2246 1147 2325 Quantopere
1177 2233 1274 2326 igitur
1304 2245 1348 2311 ab

203 2365 346 2448 Epicuro
370 2363 491 2440 differt,
516 2363 658 2444 quinon
683 2363 851 2443 dubitavit,
877 2365 954 2447 quin
979 2386 1090 2428 omnes
1108 2364 1248 2447 vulgaris
1270 2353 1343 2429 reli·

202 2485 306 2567 gionis
323 2485 504 2548 sententias
523 2504 698 2566 perversas
723 2485 853 2549 omnino
868 2491 900 2548 et
917 2505 1036 2569 pravas
1049 2485 1196 2564 haberet,
1217 2492 1347 2568 aperte·

202 2626 264 2689 que
288 2603 425 2685 diceret,
449 2625 514 2668 non
539 2625 621 2684 eum,
645 2605 699 2687 qui
722 2605 915 2688 religionem
939 2605 1034 2669 istam
1057 2605 1174 2669 tollere
1198 2610 1231 2666 et
1254 2625 1346 2670 ever-

200 2732 272 2791 tere
296 2725 452 2805 studeret,
477 2726 584 2790 scelus
606 2726 641 2789 in
664 2747 698 2790 se
722 2726 909 2806 admittere,
941 2724 1000 2790 sed
1030 2726 1086 2808 qui
1116 2745 1187 2788 eum
1209 2721 1345 2806 profite-

200 2848 307 2912 retur!
324 2846 348 2927 ¹)
374 2846 465 2925 Quid,
487 2846 573 2928 quod
588 2847 768 2927 Lucretius,
793 2848 928 2932 Epicuri
944 2851 1098 2925 sectator,
1122 2865 1255 2928 gravem
1270 2862 1345 2908 eam

200 2966 391 3048 religionem
412 2967 492 3031 dicit
503 2965 531 3047 2)
567 2965 763 3052 Grajumque
783 2969 956 3046 hominem,
980 2969 1000 3030 i.
1022 2987 1050 3029 e.
1064 2964 1251 3046 Epicurum,
1275 2965 1345 3029 lau-

200 3083 293 3148 dibus
316 3086 412 3165 tollit,
437 3087 492 3168 qui
514 3087 638 3169 primus
658 3107 727 3151 eam
747 3087 937 3167 impugnare
960 3104 1057 3146 ausus
1070 3082 1130 3160 sit,
1155 3082 1253 3145 itaut
1274 3106 1346 3163 ,re-

201 3203 277 3284 ligio
301 3204 440 3286 pedibus
470 3205 618 3286 subjecta
641 3205 783 3269 vicissim
807 3204 985 3282 obteratur,
1021 3200 1169 3265 homines
1203 3201 1345 3269 victoria

201 3323 293 3387 coelo
326 3322 558 3406 exaequet.“³)
605 3323 803 3406 Quamquam
835 3329 943 3387 autem
966 3322 1122 3386 Horatius
1149 3322 1343 3404 religionem

200 3443 287 3526 vulgi
312 3464 384 3506 cum
398 3443 639 3508 'observatione
663 3442 803 3524 quadam
822 3443 900 3507 colit
921 3463 1024 3526 eaque
1044 3443 1076 3506 in
1103 3463 1138 3505 re
1158 3441 1343 3507 Stoicorum

199 3565 398 3629 sententiam
429 3565 585 3647 sequitur,
615 3568 725 3629 tamen
756 3586 819 3629 non
850 3565 897 3628 ita
926 3585 997 3629 oum
1022 3563 1140 3630 Stoicis
1167 3564 1341 3644 consentit,

198 3691 242 3767 ut,
274 3687 360 3770 quod
389 3687 438 3749 illi
468 3686 650 3767 studebant,
686 3685 876 3768 religionem
907 3684 1136 3767 philosophiae
1170 3688 1342 3748 consenta-

197 3828 292 3872 neam
317 3807 455 3872 reddere
480 3814 625 3872 oonetur.
671 3807 829 3888 Vulgares
856 3805 897 3870 de
921 3805 979 3868 Dis
1006 3804 1178 3888 opiniones
1200 3825 1240 3866 ex
1261 3823 1340 3883 poe-

200 3946 459 3956 ——-.——-—-

301 4015 322 4084 Ι)
341 4013 376 4067 cs.
395 4012 475 4083 Diog.
493 4012 583 4066 Laert.
602 4010 634 4076 X,
655 4012 712 4065 123.

300 4099 322 4168 2)
341 4099 419 4153 Lucr.
438 4098 471 4151 de
490 4114 545 4151 ver.
563 4099 621 4151 nat.
639 4097 660 4163 l,
679 4098 720 4152 63.

299 4185 323 4258 ³)
341 4185 412 4238 ibid.
430 4185 450 4250 1,
469 4185 502 4237 66
520 4202 578 4252 sqq.
