2886 4724
666 86 704 149 27

581 174 785 184 *—

117 297 197 362 vitia
224 295 421 360 removenda
446 293 683 378 aggrediamur,
718 293 752 358 id
785 291 871 376 quod
901 292 1023 376 optime
1052 291 1187 374 exponit
1214 290 1247 354 in

117 417 257 510 epistola
279 416 321 481 ad
342 413 482 481 Lollium
504 416 644 499 scripta:

787 532 891 616 ,Nam
915 553 972 596 cur

270 662 359 739 Quae
383 657 517 722 laedunt
540 656 660 735 oculos,
684 653 821 720 festinas
843 653 984 730 demere,
1009 651 1144 735 siquod

269 782 329 844 Est
351 779 503 853 animum,
527 773 639 838 differs
662 773 797 837 curandi
820 780 948 856 tempus
970 772 1005 835 in
1028 774 1172 836 annum?

270 896 446 962 Dimidium
469 897 559 977 facti,
583 896 639 978 qui
661 894 780 978 coepit,
804 893 921 972 habet3
945 913 1061 975 sapere
1085 892 1185 971 eude3

272 1017 395 1100 Incipe.
442 1017 503 1095 Qui
525 1022 616 1081 recte
636 1014 767 1079 vivendi
788 1019 945 1097 prorogat
967 1013 1092 1092 horam,

271 1138 422 1202 Rusticus
447 1143 609 1222 expectat,
633 1136 708 1200 dum
731 1134 854 1200 defluat
876 1134 989 1213 amnis,
1014 1135 1127 1199 atille

268 1258 404 1322 Labitur
428 1264 460 1322 et
482 1239 610 1323 labetur
633 1259 667 1322 in
691 1277 785 1322 omne
808 1255 959 1321 volubilis
982 1257 1129 1319 aevum.“
1145 1255 1169 1336 ¹)

218 1376 256 1463 ln
280 1377 343 1440 hac
364 1397 430 1440 una
452 1378 551 1460 igitur
574 1399 609 1442 re
640 1379 741 1442 totius
767 1377 855 1441 vitae
885 1382 1019 1441 nostrae
1047 1375 1247 1459 praesidium

114 1496 302 1580 ponendum
326 1504 385 1577 est,
408 1504 445 1562 ut
467 1498 586 1563 nullius
608 1499 702 1564 uobis
723 1497 838 1582 flagitii
862 1497 984 1562 conscii
1017 1496 1133 1575 simus3
1164 1496 1248 1562 haec

115 1622 228 1681 nostra
250 1637 319 1696 arx,
343 1617 405 1681 hoc
427 1619 707 1701 propugnaculum
727 1625 796 1684 esto
820 1624 937 1683 contra
960 1638 1073 1682 omnes
1095 1617 1246 1682 fortunae

115 1738 266 1819 impetus,
295 1743 331 1799 ut
353 1736 476 1800 nullum
498 1737 633 1802 sceleris
655 1738 751 1803 ullius
774 1738 1010 1803 conscientiam
1033 1739 1246 1822 suscipiamus

115 1877 221 1939 neque
245 1855 420 1940 quidquam
442 1856 475 1920 in
499 1876 557 1921 nos
582 1856 799 1937 admittamus,
826 1879 889 1941 quo
912 1879 972 1922 nos
995 1858 1189 1922 erubescere
1214 1866 1248 1923 et
1277 1859 1281 1866 ’

114 1977 240 2060 pallere
265 1981 426 2059 oporteat.
439 1974 466 2060 ²)
500 1977 561 2054 Qui
584 1977 670 2040 enim
694 1984 744 2042 est
765 1977 916 2061 ,integer
937 1979 1025 2044 vitae
1049 1978 1246 2062 scelerisque

113 2096 234 2180 purus“
264 2117 330 2159 non
355 2095 473 2178 jaculis
502 2097 568 2176 ille,
594 2119 709 2181 ‚neque
739 2119 829 2179 arcu,
863 2120 969 2183 neque
999 2100 1126 2184 sagittis
1149 2121 1246 2165 vene·

113 2218 199 2282 natis
222 2221 297 2298 eget
325 2214 367 2278 ad
396 2238 431 2282 se
460 2218 626 2299 tuendum,
649 2220 751 2301 ,licet
778 2241 839 2304 per
862 2220 974 2304 Syrtes
1004 2227 1172 2286 aestuosas
1194 2220 1248 2284 vel

113 2359 174 2422 per
197 2343 291 2401 vasta
312 2337 444 2402 deserta
466 2340 530 2404 iter
560 2339 709 2424 faciat.3)
748 2325 817 2419 'Qui
846 2347 956 2405 autem
987 2343 1092 2405 scelus
1115 2341 1247 2424 aliquod

114 2460 146 2522 in
181 2479 216 2522 se
250 2457 392 2536 admisit,
427 2459 454 2522 is
487 2479 593 2541 neque
628 2459 750 2525 divitiis
777 2482 883 2544 neque
916 2463 1137 2544 voluptatibus
1171 2461 1246 2527 ullis

113 2578 200 2642 vitae
222 2575 416 2641 felicitatem
437 2576 500 2641 sibi
523 2577 700 2642 conciliare
723 2585 843 2662 potest,
867 2599 940 2644 uam

320 2696 525 2777 „Destriotus
548 2696 634 2761 ensis
657 2698 710 2762 cui
731 2719 830 2781 super
853 2700 954 2783 impia

342 2815 477 2881 Cerrice
499 2815 632 2900 pendet,
656 2839 722 2882 non
744 2818 872 2884 Siculae
896 2820 998 2904 dapes

340 2937 476 3001 Dulcem
500 2937 716 3002 elaborabunt
738 2959 899 3022 saporem,

340 3057 411 3123 Non
436 3059 542 3124 avium
567 3060 779 3143 citharaeque
804 3067 919 3126 cantus

339 3180 492 3245 Somnum
515 3180 705 3246 reducent.“
716 3181 744 3265 4)

214 3297 308 3362 Vitiis
330 3300 438 3382 igitur,
463 3300 550 3382 quod
572 3323 653 3385 prae
678 3303 797 3368 ceteris
820 3303 1041 3368 necessarium
1061 3308 1120 3382 est,
1139 3325 1244 3367 remo·

113 3416 163 3496 tis,
194 3416 226 3482 id
250 3420 408 3501 agendum
440 3427 490 3484 est
519 3422 669 3502 sapienti,
700 3428 737 3486 ut
758 3431 901 3488 mentem
924 3444 1015 3488 suam
1038 3423 1244 3504 animumque

111 3578 369 3586 ——--—-—-.-

124 3687 127 3693 ¹
214 3663 236 3731 l)
254 3661 333 3730 epist.
353 3661 372 3724 Ι,
392 3661 416 3725 2,
435 3659 467 3711 37
487 3676 545 3727 sqq.

213 3749 236 3817 ²)
255 3748 289 3802 cf.
308 3748 387 3816 epist.
406 3747 426 3811 l,
446 3748 468 3811 1,
487 3747 529 3799 61.

181 3888 184 3893 4
214 3833 238 3902 3)
257 3851 341 3887 carm.
359 3833 380 3895 I,
399 3831 432 3883 22
450 3831 511 3884 init.

213 3919 237 3987 ⁴)
256 3936 340 3972 carm.
358 3917 406 3980 Ill,
427 3918 449 3980 l,
470 3917 500 3967 17
519 3934 578 3983 sqq.
