2886 4724
400 704 450 782 Ile
482 663 633 781 Horatio
665 704 776 803 poeta
806 701 1039 804 philosopho.

165 1056 167 1060 ,
257 959 497 1086 Philosophiae
521 1002 661 1069 studium
682 1004 769 1087 apud
791 1005 968 1083 Romanoa,
993 1026 1088 1087 quum
1113 1026 1133 1068 a
1155 1005 1292 1088 propria

154 1125 298 1207 ipsorum
312 1129 431 1188 natura
448 1124 589 1188 alienum
603 1128 699 1202 esset,
719 1123 774 1188 diu
787 1124 983 1206 neglectum,
1001 1125 1144 1189 secundo
1162 1123 1291 1188 demum

153 1265 182 1307 a.
199 1243 272 1308 Chr.
289 1244 419 1310 saeculo
436 1243 533 1308 latius
549 1263 699 1308 manasse
722 1248 858 1308 constat.
895 1245 999 1322 Quum
1020 1245 1108 1308 enim
1126 1265 1211 1308 anno
1232 1249 1290 1309 155

153 1370 221 1428 tres
243 1364 292 1428 illi
314 1363 512 1446 philosophi,
549 1362 735 1427 Carneades
764 1362 988 1445 Academicus,
1014 1364 1177 1429 Critolaus
1200 1364 1291 1429 Peri-

152 1484 326 1566 pateticus
350 1483 514 1565 Diogenes
530 1482 658 1548 Stoicus
682 1482 722 1548 ab
743 1482 998 1550 Atheniensibus
1021 1484 1122 1567 legati
1144 1485 1186 1548 ad
1199 1505 1293 1550 sena·

153 1610 220 1668 tum
260 1603 350 1667 missi
383 1602 515 1685 publice
549 1602 672 1666 Romae
708 1601 810 1667 verba
843 1602 995 1668 facerent
1033 1604 1288 1687 frequenterque

155 1722 356 1801 audirentur,
374 1721 400 1802 ¹)
424 1741 581 1785 summum
611 1721 698 1785 inter
716 1722 921 1803 juventutem
951 1724 1091 1788 maxime
1114 1724 1292 1788 Romanam

154 1841 385 1925 philosophiae
408 1861 548 1923 graecae
564 1839 704 1905 studium
728 1841 860 1905 exarsit.
892 1842 1051 1906 Permulti
1075 1863 1115 1906 ex
1131 1843 1187 1907 illo
1210 1850 1291 1907 tem-

152 1982 234 2045 pore
264 1961 415 2026 rethores
446 1981 486 2025 ac
519 1960 707 2044 philosophi
737 1961 848 2043 graeci
879 1962 1015 2027 Romam
1050 1962 1289 2044 confluxerunt,

152 2061 388 2166 paullatimque
419 2101 532 2145 omnes
562 2080 793 2164 philosophiae
816 2102 954 2164 graecae
984 2081 1177 2166 disciplinae
1201 2083 1288 2166 apud

153 2203 316 2266 Romanos
334 2200 621 2285 pervulgabantur.
654 2201 757 2278 Quum
772 2201 889 2266 deinde
903 2202 1071 2267 Ciceronis
1088 2203 1291 2285 potissimum

95 2298 120 2346 Ἀ
154 2342 257 2405 opera
294 2321 501 2404 ,litterarum
543 2343 671 2404 quoque
710 2321 886 2385 latinarum
926 2322 1074 2401 lumen,“
1113 2329 1149 2387 ut
1189 2323 1291 2406 ipsius

154 2442 261 2508 verbis
273 2440 300 2522 2)
324 2441 372 2505 uti
393 2440 474 2504 mihi
496 2441 606 2520 liceat,
630 2441 814 2521 accederet,
839 2442 961 2506 iactum
985 2449 1043 2521 est,
1076 2448 1113 2507 ut
1135 2443 1291 2506 extremis

153 2562 356 2644 reipublicae
379 2561 546 2625 Romanae
576 2559 789 2643 temporibus,
818 2563 1001 2644 quicunque
1029 2562 1149 2627 litteris
1179 2563 1290 2645 paullo

154 2680 349 2745 eruditiores
392 2685 503 2757 erant,
543 2678 773 2762 philosophiae
809 2701 936 2762 quoque
975 2701 1115 2763 graecae
1148 2681 1290 2764 aliquam

153 2799 304 2864 notitiam
336 2797 507 2863 haberent.
561 2799 645 2876 Quin
669 2799 734 2863 imo
758 2799 856 2864 moris
887 2805 959 2864 erat
981 2800 1046 2866 illis
1074 2802 1289 2885 temporibus,

151 2926 187 2985 ut
210 2919 336 2986 nobiles
364 2918 502 3002 juvenes
525 2918 665 2984 Romani
696 2917 888 2986 eruditionis
915 2939 994 2984 suae
1024 2921 1225 2987 excolendae
1257 2928 1291 2987 et

151 3039 386 3126 perpoliendae
405 3058 503 3104 causa
528 3039 674 3105 Athenas
695 3060 730 3105 se
755 3039 953 3120 conferrent,
965 3039 994 3122 ³)
1018 3041 1051 3105 in
1069 3039 1291 3124 ,domicilium

152 3161 233 3226 illud
256 3160 497 3241 studiorum“⁴¹)
514 3166 613 3244 atque
628 3159 781 3243 patriam,
805 3166 842 3224 ut
856 3160 903 3224 ita
918 3159 1034 3240 dicam,
1060 3160 1163 3226 omnis
1183 3162 1290 3245 philo-

154 3281 298 3361 sophiae.
351 3281 405 3344 Sic
428 3281 585 3345 Horatius
609 3301 735 3363 quoque
760 3280 899 3363 juvenis,
923 3280 1041 3346 aetatis
1063 3302 1141 3346 suae
1165 3302 1290 3347 morem

154 3402 295 3477 secutus,
327 3419 423 3481 quum
453 3398 560 3481 prima
598 3398 748 3465 educatio
779 3401 902 3466 Romae
939 3408 1025 3466 esset
1053 3401 1224 3486 perfecta,
1255 3407 1291 3466 ut

156 3518 226 3600 ipse
246 3518 339 3584 nobis
356 3524 471 3583 narrat
481 3518 520 3600 ⁵),
539 3520 675 3585 Athenis
690 3521 922 3605 philosophiae
940 3523 1046 3589 studio
1066 3545 1138 3590 sese
1155 3522 1289 3588 dedidit.

207 3671 228 3740 l)
247 3669 281 3723 cf.
300 3669 355 3725 Cic.
374 3671 407 3725 de
425 3689 465 3726 or.
485 3671 519 3737 ΙΙ,
538 3673 580 3738 37,
600 3673 659 3726 155.

207 3757 229 3826 ²)
249 3755 327 3810 Tusc.
346 3756 366 3821 l,
386 3758 410 3822 3,
430 3758 454 3810 5.

205 3844 228 3912 3)
247 3842 286 3895 Ut
304 3842 404 3908 Cicero,
424 3844 549 3910 Messala,
568 3844 688 3912 Ovidius,
707 3846 839 3918 permulti
857 3846 914 3902 alii.

206 3930 229 3997 ⁴)
248 3929 304 3984 (lic.
323 3930 356 3984 de
374 3947 416 3984 or.
432 3930 480 3994 Ill,
501 3933 542 3995 11,
560 3931 602 3985 43.

205 4016 228 4085 ⁵)
246 4016 326 4087 epist.
344 4017 379 4083 ΙΙ,
398 4017 423 4082 2,
441 4017 475 4071 43
493 4035 552 4087 sqq.
