2886 4724
694 276 733 336 34

376 480 488 546 Laudo
511 487 712 559 manentem,
737 480 763 544 si
787 478 912 544 celeres
935 478 1042 560 quasit

377 603 515 679 Pennas,
539 601 678 683 resigno,
703 621 785 683 quae
809 598 908 677 dedit,
933 605 967 664 et
988 619 1062 662 mea

375 721 503 786 Virtute
527 741 578 784 me
601 721 731 785 involvo
754 719 955 804 probamque

376 841 571 923 Pauperiem
595 841 665 904 sine
689 839 764 904 dote
789 859 920 922 quaero.
935 839 958 920 ¹)

249 961 296 1025 Ne
320 961 464 1026 brevitas
488 961 620 1043 quidam
642 961 728 1023 vitae
758 980 869 1025 euram
891 965 1011 1043 poetae
1034 965 1146 1024 nostro
1169 957 1292 1038 affort,

144 1082 204 1148 sed
232 1089 344 1146 monet
373 1102 445 1146 eum
477 1082 594 1164 potius,
628 1087 665 1145 ut
695 1102 792 1163 quam
828 1082 948 1164 optime
978 1080 1091 1163 possit,
1120 1080 1184 1144 hae
1214 1080 1295 1147 vita

143 1215 211 1268 tam
243 1202 336 1267 brevi
358 1208 477 1266 utatur.
524 1204 626 1280 Quum
658 1203 743 1266 enim
772 1208 1029 1285 unumquemque
1053 1201 1139 1266 diem
1165 1221 1293 1284 supro·

145 1344 232 1387 mum
255 1320 317 1387 sibi
341 1342 529 1386 conoessum
561 1343 631 1386 esse
660 1327 763 1405 putet,
794 1330 887 1405 grato
915 1323 1023 1387 animo
1054 1321 1167 1405 quavis
1199 1321 1291 1386 hora

145 1443 273 1522 fruitur,
305 1461 388 1525 quaa
412 1462 476 1506 non
501 1448 634 1525 sperata
657 1443 687 1505 ei
718 1440 908 1525 contigit32)
942 1442 1120 1524 tranquillo
1149 1461 1289 1526 quoque

145 1566 253 1630 animo
276 1567 415 1628 mortem
439 1567 601 1645 expectat,
625 1561 721 1645 idque
745 1564 822 1645 agit,
851 1568 887 1627 ut
909 1564 943 1627 in
965 1562 1030 1628 fine
1055 1562 1141 1627 vitae
1164 1560 1288 1627 dicere

145 1685 257 1770 possit,
281 1704 315 1748 se
339 1682 422 1746 bene
445 1681 606 1764 beateque
630 1684 748 1748 vixisse
772 1690 805 1746 et

421 1808 560 1884 ,exacto
585 1809 757 1868 contentus
780 1809 928 1887 tempore
951 1803 1019 1867 vita

440 1923 544 1989 Cedat
566 1914 613 1988 nii
637 1924 774 1988 conviva
796 1923 956 2001 satur.“³)

249 2044 312 2110 Sed
336 2045 418 2108 haec
443 2044 611 2108 hactenns.
657 2042 813 2109 Sufficere
835 2043 900 2126 jam
931 2064 979 2123 ea,
1012 2061 1095 2126 quae
1126 2040 1282 2126 diximus,

146 2165 297 2229 videntur
320 2163 362 2228 ad
385 2164 511 2228 ethicas
531 2164 660 2227 Horatii
683 2164 863 2228 sententias
888 2165 1138 2246 cognoscendas,
1162 2172 1283 2248 restat,

145 2291 181 2350 ut
203 2283 242 2349 de
266 2285 394 2348 ratione
419 2304 560 2366 agamus,
585 2304 667 2365 quae
690 2284 777 2348 inter
800 2304 856 2348 eas
880 2290 913 2348 et
936 2285 1063 2350 Stoicos
1084 2285 1285 2368 Epicureos-

146 2426 207 2489 que
242 2403 436 2468 intercedat.
503 2404 666 2469 Summum
700 2403 819 2467 bonum
854 2404 1035 2486 Epicureos
1075 2405 1283 2488 voluptatem

146 2525 274 2588 duxisse
299 2529 438 2602 constat,
462 2543 683 2605 summumque
706 2523 825 2587 malum
848 2523 1005 2605 dolorem,
1031 2526 1079 2589 ita
1100 2535 1136 2588 ut
1159 2527 1281 2607 omnia,

146 2665 227 2727 quae
250 2644 396 2724 facimus,
418 2664 458 2707 ex
481 2663 591 2708 eorum
616 2645 781 2708 sententia
803 2664 844 2707 aa
862 2651 969 2708 mente
983 2644 1134 2709 facienda
1153 2645 1230 2727 sint,
1244 2654 1283 2711 ut

146 2786 251 2846 neque
276 2785 482 2847 curansque
505 2763 618 2829 dolore
648 2761 838 2828 afficiamur.
883 2764 1019 2829 Plurimi
1047 2763 1200 2833 iacienda
1230 2773 1283 2831 ost

132 2886 295 2968 ¹voluptas
326 2885 434 2964 animi,
471 2904 554 2967 quaa
578 2885 611 2946 in
635 2905 674 2948 eo
707 2885 861 2962 cernitur,
897 2892 932 2950 ut
959 2886 1089 2969 sapiens
1113 2889 1282 2953 constanti

146 3006 246 3070 animi
290 3005 530 3088 tranquillitate
575 3003 702 3069 fruatur
744 3004 954 3088 omnibusque
999 3007 1096 3072 rebus
1132 3009 1287 3077 externis

146 3126 336 3207 cunctisque
381 3125 533 3189 fortunae
577 3124 852 3190 vicissitudinibus
890 3126 1092 3209 superiorem
1133 3147 1167 3191 se
1205 3148 1282 3198 ease

147 3251 289 3309 censeat.
321 3244 462 3311 Maxime
482 3245 580 3328 igitur
602 3244 775 3326 unicuique
799 3245 992 3310 studendum
1017 3253 1075 3325 est,
1099 3253 1135 3312 ut
1158 3269 1199 3312 ex
1222 3271 1282 3319 no·

145 3364 231 3430 mine
256 3370 289 3428 et
312 3385 353 3428 ex
375 3366 464 3430 nulla
487 3388 522 3432 re
545 3363 699 3449 pendeat,
731 3385 842 3431 omnes
873 3386 913 3431 ex
935 3367 1003 3431 vita
1025 3387 1083 3433 sua
1104 3369 1284 3451 perturba·

145 3487 269 3564 tiones,
321 3506 449 3551 omnem
483 3486 702 3569 periculorum
737 3493 858 3551 metum
890 3494 1075 3569 removeat3
1116 3491 1178 3554 hoc
1211 3512 1283 3561 nno

147 3605 232 3670 enim
256 3605 352 3670 modo
375 3606 525 3689 voluptas
548 3607 647 3671 animi
677 3608 788 3687 oritur,
824 3629 963 3691 quacum
990 3611 1093 3674 virtus
1115 3611 1282 3679 artissima

179 3927 182 3932 ι
250 3862 271 3929 l)
290 3880 374 3916 carm.
392 3861 439 3915 ΠΙ.
458 3862 499 3925 29,
519 3864 552 3915 53
571 3881 629 3931 sqq·

145 3947 437 4070 Phormalflepgslqlil,
454 3948 492 4002 13.
518 3949 662 4004 Sententia
680 3949 743 4004 huie
762 3950 902 4004 simillima
919 3950 1059 4005 invenitur·
1077 3952 1150 4021 apud
1167 3950 1283 4014 Terent.

247 4103 270 4174 3)
289 4105 341 4156 sat.
359 4103 380 4156 l.
400 4105 422 4169 1,
443 4104 491 4156 118
509 4123 568 4172 sqq.
