2886 4724
610 245 813 334 ..Λ-,-

146 445 194 510 Ac
226 465 322 528 quum
347 443 476 527 juvenis
503 441 549 506 ibi
578 443 702 526 „inter
719 443 816 508 silvas
847 442 1004 508 Academi
1038 464 1152 508 verum
1181 464 1279 526 quae·

145 563 305 643 sivisset,“
322 583 369 629 ne
391 567 523 645 postero
541 563 671 647 quidem
693 569 842 647 tempore
859 563 940 628 illud
963 561 1102 627 studium
1118 562 1279 629 dimisisse

146 682 286 762 videtur,
311 701 416 764 neque
439 662 601 747 immerito
631 703 652 746 a
674 682 842 766 Lessingio
872 680 1025 764 nostro¹)
1047 682 1280 767 philosophum
1304 741 1307 746 ,

144 809 278 888 poetam
314 823 386 868 eum
429 803 591 887 appellari
625 803 819 887 putaverim.
885 801 1080 886 Saepissime
1121 802 1207 867 enim
1244 804 1280 867 in

146 922 344 988 carminibus
361 923 426 988 suis
442 922 671 1006 philosophiae
689 944 763 986 eum
775 923 936 988 rationem
955 922 1106 988 habuisse
1123 922 1278 1000 videmus,

146 1049 179 1108 et
199 1048 320 1127 quanto
340 1043 442 1126 magis
465 1028 670 1109 venientibus
694 1043 788 1108 annis
811 1063 831 1106 a
851 1043 944 1128 „lyra
962 1042 1077 1125 jocosa
1088 1041 1138 1124 ²)“
1162 1041 1280 1107 abhor-

146 1164 221 1243 ruit,
250 1167 343 1228 tanto
373 1163 477 1245 magis
507 1164 540 1228 iu
565 1163 712 1245 epistolis
741 1161 782 1226 ad
806 1163 927 1227 amicos
951 1164 1093 1248 scriptis,
1125 1183 1216 1228 suam
1234 1162 1279 1229 ,in

147 1283 359 1367 philosophia
389 1282 550 1346 rationem
583 1282 727 1365 exponit,
758 1281 791 1345 id
815 1281 900 1363 quod
927 1283 998 1366 ipse
1022 1282 1152 1347 disertis
1174 1282 1281 1346 verbis

146 1402 227 1467 dicit
250 1402 343 1486 epist.
367 1402 409 1482 Η,
434 1406 462 1482 2,
491 1408 547 1466 141
573 1423 660 1484 sqq:

249 1521 431 1604 „Nimirum
452 1542 570 1605 sapere
594 1528 643 1586 est
666 1521 803 1604 abjectis
826 1522 905 1586 utile
929 1523 1021 1604 nugis

249 1641 292 1705 Et
314 1642 546 1725 tempestivum
568 1641 679 1724 pueris
704 1641 886 1706 concedere
910 1641 1030 1722 ludum,

210 1757 214 1765 ’
250 1762 298 1826 Ac
322 1779 387 1825 non
410 1760 513 1825 verba
535 1761 627 1844 sequi
649 1735 765 1827 fidibus
787 1760 986 1827 modulanda
1008 1762 1144 1842 Latinis,
1248 1817 1251 1822 ,

253 1881 317 1948 Sed
340 1902 439 1947 verae
463 1902 678 1965 numerosque
702 1882 879 1966 modosque
905 1883 1051 1949 ediscere
1075 1883 1195 1949 vitae.“

234 2003 268 2069 Si
297 2024 375 2069 vero
407 2003 477 2086 quis
509 2003 717 2086 quaesiverit,
750 2003 942 2086 quibusnam
971 2005 1005 2067 in
1038 2002 1281 2087 quaestionibus

147 2123 357 2207 philosophia
380 2123 564 2187 Horatiana
594 2129 752 2202 versetur,
778 2143 818 2201 ex
842 2122 1039 2186 carminibus
1070 2123 1137 2204 ejus
1160 2124 1282 2213 intelli-

94 2267 96 2271 ·
147 2243 250 2326 gitur,
283 2263 356 2306 eum
391 2241 532 2306 maxime
565 2261 605 2305 ea
634 2240 862 2324 philosophiae
891 2247 1072 2325 praecepta
1104 2241 1280 2323 respicere,

148 2382 231 2447 quae
261 2360 303 2426 ad
337 2362 438 2426 vitam
469 2359 552 2426 bene
586 2361 748 2443 beateque
783 2361 944 2444 agendam
976 2361 1162 2444 pertinent,
1197 2360 1229 2426 i..
1254 2384 1281 2424 e.

148 2483 287 2546 maxime
318 2503 393 2547 eum
419 2481 548 2546 ethicae
587 2493 722 2565 operam
752 2480 842 2546 dare.
897 2480 950 2545 Sic
982 2482 1052 2564 ipse
1082 2481 1155 2545 loco
1184 2500 1283 2565 supra
1316 2493 1318 2497 ·
1370 2526 1372 2532 -

144 2604 212 2686 jam
241 2602 374 2666 laudato
406 2601 544 2666 Athenis
578 2623 613 2667 se
644 2606 808 2667 versatum
832 2622 902 2668 esse
933 2610 1056 2681 narrat,
1092 2607 1150 2684 „ut
1171 2607 1284 2685 posset

149 2744 249 2788 curvo
282 2721 474 2805 dignoscere
509 2721 707 2803 rectum,‘⁴3)
743 2729 776 2788 et
806 2744 903 2807 quum
928 2721 967 2788 de
997 2723 1066 2788 vita
1099 2743 1158 2788 sua
1180 2723 1283 2804 loqui·

147 2849 211 2925 tur,
234 2862 330 2925 quam
354 2863 427 2908 cum
449 2844 563 2908 amicis
586 2844 619 2908 in
644 2843 765 2909 Sabino
789 2865 846 2908 suo
871 2848 956 2927 agat,
987 2842 1189 2909 haecdicit:

192 2964 327 3048 „Sermo
351 2964 464 3044 oritur,
489 2984 554 3029 non
578 2963 618 3028 de
641 2965 728 3030 villis
750 2963 938 3029 domibusve
962 2964 1089 3042 alienis,

192 3085 262 3149 Nec
285 3085 369 3150 male
394 3105 499 3149 necne
517 3083 628 3166 Nepos
651 3083 758 3162 saltet,
782 3082 840 3146 sed
863 3083 948 3165 quod
969 3083 1072 3164 magis
1096 3081 1138 3145 ad
1161 3104 1220 3147 nos

193 3205 342 3270 Pertinet
365 3210 398 3269 et
420 3204 548 3269 nescire
571 3203 692 3267 malum
715 3207 773 3280 est,
798 3202 966 3283 agitamus,
990 3206 1139 3265 utrumne

193 3324 324 3389 Divitiis
346 3324 494 3389 homines
517 3344 560 3387 an
583 3323 649 3388 siut
671 3323 790 3387 virtute
814 3321 914 3400 beati,

194 3443 318 3524 Quidve
342 3443 384 3509 ad
407 3444 578 3523 amicitias,
604 3465 680 3508 usus
702 3448 883 3521 rectumne,
907 3441 1019 3505 trahat
1041 3461 1109 3521 nos,

88 3607 91 3614 -
194 3566 238 3630 Et
260 3584 343 3648 quae
366 3565 409 3631 sit
431 3571 549 3629 natura
570 3562 648 3629 boni
670 3584 892 3646 summumque
916 3561 993 3647 quid
1017 3561 1157 3645 ejus·.“¹¹)
1202 3637 1204 3641 ,

205 3822 226 3891 1)
244 3821 370 3890 Rettung
388 3821 434 3874 des
452 3822 542 3875 Horaz
560 3820 599 3873 IV
618 3838 682 3890 pag.
703 3822 735 3874 10
753 3820 794 3874 ed.
813 3819 925 3874 Lachm,

202 3906 496 3975 bwmffldffl

199 3993 224 4063 3)
242 3992 344 4047 Eodem
366 4009 446 4047 sensu
475 3992 527 4045 hoc
554 3991 659 4045 dictum
684 3992 733 4057 est,
758 4007 812 4060 quo
835 3991 880 4045 sat
903 3991 924 4056 I,
943 3993 967 4057 6,
992 3994 1026 4046 63
1051 3988 1142 4059 »turpi
1168 3986 1284 4042 secernis

152 4077 323 4133 honestum«

204 4165 228 4234 ⁴¹)
246 4167 298 4221 sat.
316 4166 350 4232 ΙΙ,
369 4168 393 4233 6,
412 4168 443 4220 71
463 4184 521 4236 sqq.
