2886 4724
663 205 700 264 21

575 292 780 299 ——--—-

111 430 312 495 ,pauperum
339 410 469 493 sanguis
499 414 683 492 parentum,
718 427 882 490 nunquam
913 404 1016 470 obibit
1043 424 1104 469 nec
1133 402 1245 486 Stygia

112 530 319 597 cohibebitur
334 529 454 595 unda.“
468 528 493 609 ¹)
517 531 586 607 Quo
604 527 651 606 fit,
664 533 700 591 ut
719 525 819 590 etiam
837 525 979 590 honores
998 523 1150 608 sepulcri,
1165 544 1245 605 quos

112 652 223 734 vulgus
250 656 327 716 tunc
350 651 508 734 temporis
530 648 662 732 plurimi
686 621 890 725 aestimabat,
929 665 990 729 pro
1013 644 1116 709 nihilo
1140 643 1245 708 Hora·

110 772 174 837 tius
196 772 307 852 faciat,
331 792 371 835 ao
394 772 445 835 his
464 769 572 834 verbis
589 768 824 845 Maecenatem,
848 740 1009 831 fautorem
1032 784 1124 828 suum
1146 768 1244 846 atque

111 893 248 958 amioum
272 898 419 956 moneat:

368 1009 508 1091 „Absint
529 1008 619 1071 inani
641 1007 757 1071 funere
781 1007 909 1086 neniae,

389 1116 585 1210 Luctusque,
609 1133 722 1212 turpes
746 1133 779 1192 et
801 1127 1037 1210 querimoniae3

392 1248 570 1332 Compesce
596 1249 770 1313 clamorem
794 1268 834 1312 ao
858 1247 1000 1330 sepulcri

388 1369 483 1432 Mitte
507 1388 727 1451 supervacuos
749 1367 922 1432 honores.“
934 1365 962 1447 2)

213 1487 402 1571 Congruunt
424 1488 507 1552 haec
532 1509 604 1554 oum
628 1487 765 1570 Epicuri
792 1485 957 1550 sententia
988 1481 1062 1568 „riv
1085 1480 1184 1565 σοφὰν
1208 1478 1245 1546 οὗ

108 1614 139 1672 δε
160 1616 213 1690 τῆς
235 1616 333 1689 ταφῆς
356 1618 519 1688 φροντιεῖν,
531 1607 560 1689 3)
585 1629 668 1691 quae
688 1608 787 1672 etiam
811 1607 1014 1672 Maecenatis
1037 1605 1138 1689 ipsius
1162 1608 1244 1683 erat,

109 1727 164 1809 qui
187 1747 239 1810 ap.
264 1727 378 1792 Seneo.
403 1728 497 1808 epist.
521 1731 561 1791 92
586 1727 711 1809 etipse
734 1727 831 1792 dicit:
856 1727 950 1810 „Non
973 1727 1131 1791 tumulum
1155 1746 1243 1805 curo,

109 1846 228 1928 sepelit
250 1851 368 1910 natura
390 1844 574 1908 1·elictos.“-

214 1965 334 2044 Quodsi
358 1986 406 2044 ea,
431 1986 514 2048 quae
539 1965 704 2047 hucusque
728 1965 768 2030 de
791 1967 934 2050 physicis
958 1967 1087 2032 Horatii
1111 1965 1244 2031 rationi-

108 2088 167 2152 bus
190 2088 337 2166 diximus,
361 2094 451 2153 recte
471 2089 637 2172 disputata
652 2094 736 2169 sunt,
760 2093 909 2172 apparet,
934 2109 1006 2153 eum
1030 2087 1081 2152 his
1097 2087 1129 2150 in
1147 2106 1245 2169 quae·

108 2206 267 2273 stionibus
290 2230 307 2273 e
331 2208 475 2274 fontibus
498 2209 645 2287 aliorum,
670 2209 847 2292 praecipue
870 2208 1053 2274 Stoicorum
1077 2213 1111 2272 et
1126 2206 1244 2290 Epicu·

107 2350 237 2394 reorum
261 2330 406 2394 hausisse
430 2329 569 2412 quidem,
595 2329 652 2394 sed
674 2351 731 2420 suo
756 2350 885 2412 sempor
897 2328 1021 2412 judicio
1043 2333 1140 2410 atque
1158 2326 1244 2391 arbi-

107 2449 182 2528 trio,
210 2454 246 2514 ut
274 2448 411 2514 decebat
432 2451 545 2530 virum,
583 2451 637 2533 qui
667 2473 701 2516 se
724 2451 866 2533 ,nullius
889 2449 1055 2514 addictum
1073 2448 1186 2530 jurare
1210 2447 1244 2511 in

107 2569 398 2653 verbamagist1·i“
423 2592 493 2635 esse
518 2570 648 2649 dixitst)
689 2572 849 2652 Aequum
873 2591 922 2649 ea,
940 2591 1024 2652 quae
1048 2568 1088 2632 de
1112 2568 1242 2637 numine

107 2688 228 2767 divino,
251 2690 292 2754 de
315 2689 454 2767 ratione,
490 2709 573 2771 quae
604 2689 692 2753 inter
715 2690 794 2753 iilud
816 2690 1033 2773 mundumque
1057 2688 1242 2770 intercedit,

108 2808 149 2872 de
172 2807 284 2873 mundi
306 2808 589 2874 administratione
622 2814 743 2889 censet,
777 2809 961 2874 Stoicorum
987 2811 1090 2893 inagis
1113 2815 1244 2875 senten-

107 2929 162 2994 tiis
195 2928 441 2993 accommodata
469 2928 544 3009 sint,
579 2927 619 2992 de
651 2929 774 3012 origine
807 2935 841 2993 et
862 2932 1090 3014 progressione
1114 2931 1244 3013 generis

108 3049 241 3115 humani
275 3055 308 3115 et
341 3050 381 3114 de
415 3050 543 3114 animae
572 3057 690 3115 natura
724 3051 809 3115 idem
843 3052 923 3131 iere,
959 3052 1044 3134 quod
1072 3051 1242 3134 Epicurus,

111 3174 262 3239 statuisse
291 3171 428 3237 videtur.
474 3173 587 3255 Neque
619 3180 726 3238 tamen
756 3175 818 3239 hoc
848 3174 920 3239 loco
945 3171 1159 3238 omittendum
1184 3178 1242 3252 est,

109 3294 193 3372 quod
216 3316 315 3378 supra
333 3295 399 3377 jam
425 3295 614 3374 monuimus,
646 3297 840 3375 naturalem,
872 3301 908 3359 ut
938 3296 985 3359 ita
1007 3293 1114 3358 dicam
1136 3293 1243 3376 philo-

109 3410 266 3490 sophiam,
302 3414 330 3476 si
358 3415 488 3479 omnino
520 3415 576 3479 illa
605 3415 640 3478 in
669 3422 800 3499 poetam
838 3416 935 3496 cadit,
973 3415 1013 3480 ab
1043 3414 1179 3478 Horatio
1209 3413 1243 3476 in

110 3529 305 3596 carminibus
329 3533 562 3615 componendis
585 3535 654 3600 fere
675 3537 811 3620 negligi3
837 3538 942 3603 obiter
957 3542 1083 3602 tantum
1106 3534 1161 3598 ille
1187 3555 1243 3597 eas

214 3772 234 3836 ¹)
252 3789 335 3826 carm.
354 3773 388 3836 ΙΙ,
407 3773 448 3837 20,
467 3775 490 3826 5.

212 3857 234 3926 2)
252 3858 311 3911 ibid
328 3859 374 3911 fin.

210 3943 233 4012 3)
253 3943 332 4013 Diog.
351 3944 442 3998 baert.
460 3942 493 4005 X,
513 3943 570 3996 118.

209 4029 232 4098 4)
251 4030 330 4099 epist.
349 4031 369 4094 1,
390 4032 412 4095 1,
433 4030 472 4082 14.
