2886 4724
662 217 699 275 15

572 298 777 308 -..—.-—

103 424 235 490 omnino
258 422 376 486 mundo
399 419 573 504 providere
597 418 777 501 negaverit,
812 424 928 501 postea
947 413 1244 498 >appropinquante

103 549 272 610 senectute
297 564 370 607 eum
388 540 568 606 sententias
583 538 671 622 vulgi
693 559 732 602 ac
749 537 933 602 Stoicorum
957 556 1026 599 esse
1050 533 1245 616 amplexum.

103 663 256 729 Nituntur
279 664 312 742 ii,
337 662 391 745 qui
414 663 476 726 hoc
494 665 639 738 censent,
663 659 736 722 loco
751 657 817 735 illo,
842 676 938 739 quem
961 673 1060 736 supra
1072 653 1141 736 jam
1161 657 1246 716 attu-

103 785 205 863 limus,
230 783 557 862 sat.1,5,1q.15sqq,
582 778 636 842 ubi
659 778 816 842 Horatius
838 775 1000 840 distinctis
1023 773 1132 837 verbis
1155 773 1244 852 dicit,

101 926 134 968 se
176 903 334 967 miraculo
369 901 417 964 illi
450 899 532 963 turis
565 899 634 962 sine
680 898 753 979 igne
794 894 1006 980 liquescentis
1047 891 1145 956 fidem
1179 915 1245 959 non

100 1022 224 1086 habere
248 1042 287 1084 ac
310 1020 476 1085 liberrime
508 1017 705 1082 sententiam
729 990 820 1080 illam
843 1015 1078 1098 Epicureorum
1107 1013 1245 1098 profert,

104 1140 212 1220 „Deos
235 1160 383 1204 securum
408 1160 505 1222 agere
522 1137 670 1202 aevum.“
705 1137 767 1215 Qui
785 1136 877 1200 locus
900 1136 1015 1218 procul
1038 1120 1135 1200 dubio
1158 1136 1246 1199 iuter

103 1280 159 1325 eos
182 1259 351 1324 habendus
375 1264 433 1339 est,
457 1259 497 1322 de
523 1257 637 1340 quibus
656 1255 833 1321 Wielandii
855 1257 988 1336 dictum,
1012 1277 1112 1339 supra
1134 1253 1245 1320 laude-

100 1385 177 1459 tum,
198 1380 295 1459 valet,
316 1380 517 1464 interpretes
542 1379 661 1458 omnia,
687 1398 769 1461 quae
783 1380 894 1459 poeta
917 1376 1015 1455 dicat,
1040 1375 1135 1440 nimis
1158 1375 1244 1440 serio

99 1501 189 1565 dicta
213 1521 283 1566 esse
308 1506 425 1584 putare
449 1521 555 1582 neque
579 1499 659 1564 satis
689 1498 866 1581 respicere,
899 1517 961 1579 quo
992 1495 1100 1561 animo
1125 1500 1159 1560 et
1180 1516 1245 1578 qua

100 1626 208 1685 mente
233 1621 322 1684 dicta
344 1621 420 1686 sint.
457 1620 598 1684 Maxime
623 1624 742 1698 autem,
766 1617 947 1682 sententias
970 1637 1044 1682 suas
1067 1615 1107 1680 de
1123 1617 1182 1680 Dis
1205 1636 1244 1682 ac

101 1739 141 1803 de
164 1740 252 1822 vulgi
280 1739 487 1821 opinionibus
511 1738 682 1802 Horatium
705 1743 848 1802 mutasse
876 1737 1102 1802 demonstrare
1131 1738 1244 1802 volunt

101 1880 142 1922 ex
165 1858 290 1923 celebri
312 1858 368 1922 illo
393 1857 537 1922 carmine
560 1855 585 1935 Ι,
611 1861 661 1936 34,
698 1876 762 1939 quo
792 1859 893 1939 poe'ta
915 1862 1040 1935 narrat,
1071 1877 1116 1936 se,
1145 1863 1244 1921 antea

100 1998 255 2061 ,parcum
276 1978 419 2042 Deorum
439 1978 598 2043 cultorem
617 1984 650 2042 et
673 1976 946 2058 infrequentem,“
969 1974 1074 2041 subito
1098 1977 1242 2058 fulmine,

100 2122 120 2162 a
149 2099 231 2164 Jove
268 2119 285 2163 e
319 2101 411 2164 coelo
446 2118 562 2164 sereno
592 2099 701 2177 misso,
737 2117 757 2161 a
786 2097 985 2180 negligentia
1017 2119 1076 2162 sua
1099 2097 1243 2163 Deorum

100 2241 276 2303 eorumque
301 2221 408 2285 cultus
432 2240 557 2285 summa
580 2220 612 2283 vi
635 2219 806 2303 abreptum
832 2225 865 2284 et
884 2219 924 2283 ab
948 2219 1135 2302 ,erroribus
1157 2220 1243 2284 insa·-

97 2341 219 2405 nientis
242 2340 449 2425 sapientiae“
472 2341 514 2404 ad
537 2341 758 2405 venerandam
778 2341 920 2405 Deorum
944 2340 1127 2423 potentiam
1149 2360 1242 2404 revo-

98 2465 204 2523 catum
234 2482 314 2525 esse.
370 2462 443 2526 lam
473 2459 700 2542 Lessingius1)
734 2460 893 2542 prolixius
928 2460 967 2523 de
999 2460 1062 2523 hoc
1097 2459 1241 2525 carmine

89 2569 174 2661 egit,
199 2581 350 2663 omnique
376 2601 415 2644 ex
437 2590 651 2663 partaquae
674 2580 728 2644 ille
747 2581 864 2644 dehac
881 2581 1072 2662 quaestione
1096 2586 1241 2645 statuen-

96 2699 172 2763 dum
197 2721 266 2763 esse
291 2705 414 2778 censet,
439 2699 517 2762 mihi
540 2698 730 2782 probantur.
764 2700 854 2763 Dicit
874 2701 959 2764 enim
983 2701 1048 2780 ille,
1068 2702 1239 2766 Horatium

97 2820 129 2882 in
154 2839 203 2897 eo,
236 2818 363 2901 dequo
395 2819 528 2902 agimus,
561 2819 706 2883 carmine
731 2820 955 2904 componendo
987 2843 1090 2905 neque
1115 2822 1240 2887 Stoico·

95 2959 167 3002 rum
202 2960 307 3022 neque
342 2941 579 3023 Epicureorum
614 2944 775 3008 rationem
821 2943 990 3021 habuisse,
1043 2941 1236 3025 profluxisse

93 3061 202 3142 potius
236 3060 316 3124 illud
346 3083 385 3126 ex
408 3062 563 3144 motibus,
604 3063 719 3146 quibus
751 3071 868 3147 poeta,
900 3069 1096 3147 tempestate
1131 3063 1237 3127 subito

94 3181 186 3246 coelo
209 3202 327 3246 sereno
359 3189 433 3248 orta
464 3183 602 3250 affectus
631 3185 683 3250 sit.
739 3186 1008 3268 Unamquamque
1039 3183 1126 3248 enim
1156 3205 1235 3265 rem,

94 3301 239 3377 quamvis
262 3323 303 3365 ex
326 3302 398 3385 ipsa
420 3326 555 3387 prorsus
578 3313 696 3371 natura
725 3308 917 3389 profectam,
949 3306 975 3371 si
1002 3310 1137 3388 praeter
1168 3308 1237 3391 opi-

95 3415 224 3479 nionem
263 3421 401 3500 accidat,
436 3424 489 3486 vel
523 3424 691 3489 fortissimi
725 3427 825 3493 animi
858 3425 1023 3491 hominem
1056 3426 1236 3511 paullisper

94 3533 331 3616 quodammodo
361 3539 557 3621 perturbare
579 3562 687 3624 posse.
732 3543 865 3610 Minime
889 3546 988 3629 igitur
1009 3546 1125 3610 mirum
1153 3568 1234 3625 esse,

92 3654 276 3734 Horatium,
311 3659 371 3723 tali
404 3658 652 3742 perturbatione
686 3659 856 3742 affectum,
892 3665 1042 3730 sublimia
1076 3665 1235 3749 quaedam

93 3780 126 3839 et
148 3774 324 3857 magnifica
346 3780 484 3845 sensisse
508 3782 740 3866 nonnullisque
771 3784 879 3850 verbis
904 3787 1004 3852 animi
1034 3787 1084 3852 sni
1105 3807 1235 3853 sensum

93 3896 302 3977 expressisse.
334 3898 397 3964 Sed
415 3899 487 3964 aliis
505 3920 631 3984 quoque
655 3902 695 3966 de
720 3904 825 3968 causis
844 3903 916 3969 fieri
939 3927 1003 3971 non
1026 3897 1235 3989 posse'vide-

90 4021 153 4093 tur,
188 4022 225 4079 ut
254 4037 295 4081 ex
325 4018 381 4082 illo
413 4020 557 4085 carmine
589 4023 828 4103 concludamus,
863 4024 1037 4090 Horatium
1071 4046 1148 4092 casu
1177 4028 1233 4096 illo
1322 4056 1324 4060 ·

95 4121 355 4132 ——————

195 4152 216 4220 ¹)
236 4152 362 4224 Rettung
380 4154 426 4208 des
445 4154 534 4209 Horaz
552 4155 582 4210 in
600 4157 662 4212 fine.
