2886 4724
666 211 706 270 -13

584 295 788 304 --.---ι--

214 469 226 487 ,.
242 469 269 482 ..
294 419 421 501 „Puero
447 416 568 481 cecinit
590 413 701 489 divina
723 418 816 476 mota·
835 409 916 474 auus
939 429 1039 504 urna:

68 606 72 615 ,
121 575 122 578 =
212 530 311 602 'Hune
336 557 441 619 nequo
467 535 539 599 dira
561 551 689 597 venena
712 512 773 594 nec
797 529 942 621 hosticus
965 527 1095 592 auferet
1119 525 1215 606 ensis,

215 658 283 721 Nec
307 658 447 722 laterum
470 655 564 719 dolor
587 659 644 717 aut
666 649 772 728 tussis,
797 670 858 713 uec
884 645 982 722 tarda
1004 637 1166 740 podagra3

216 756 374 842 Garrulus
398 779 484 841 huuc
508 773 637 858 quando
664 777 833 836 consumet
856 790 1014 852 cumque3
1039 769 1203 851 loquaces,

133 947 137 954 ι
218 900 252 965 Si
276 900 392 981 sapiat,
417 899 507 975 vitet,
532 895 726 977 simulatque
751 892 933 961 adoleverit
956 890 1079 954 aetas.“

214 1035 327 1098 Nihilo
351 1040 462 1098 tamen
479 1034 584 1096 minus
606 1036 643 1096 ut
665 1051 764 1114 supra
782 1030 850 1112 jam
873 1027 1021 1105 diximus,
1046 1028 1134 1091 Deos
1156 1018 1254 1089 rebus

111 1155 266 1218 humanis
302 1155 473 1219 consulere
507 1154 644 1238 putavit,
680 1152 767 1235 quod
800 1150 971 1235 permultis
1006 1146 1177 1230 exemplis,
1215 1166 1255 1209 ex

113 1274 311 1339 carminibus
334 1275 402 1358 ejus
425 1273 614 1357 desumptis,
642 1270 830 1336 confirmari
852 1275 972 1354 potest.
1017 1269 1132 1333 Jovem
1156 1267 1252 1344 euim,

111 1417 184 1461 eum
208 1418 280 1461 esse
306 1403 419 1460 censet

342 1531 472 1615 ...„qui
494 1551 548 1594 res
571 1530 737 1595 hominum
761 1550 800 1593 ac
823 1530 979 1607 Deorum,

346 1652 407 1731 Qui
429 1671 519 1714 mare
544 1671 582 1713 ac
605 1640 713 1714 terras
736 1650 899 1732 variisque
923 1649 1078 1713 muudum

431 1771 609 1850 Temperat
631 1769 752 1832 horis.“
768 1767 792 1848 ¹)

110 1909 274 1992 similique
291 1908 387 1973 modo
411 1909 476 1973 alio
502 1906 641 1990 quodam
664 1907 737 1971 loco
754 1907 793 1970 de
814 1895 927 1971 eodem
944 1907 1025 1972 Jove
1047 1909 1129 1972 haec
1153 1905 1249 1970 dicit:

265 2050 349 2133 „Qui
373 2054 498 2114 terram
521 2051 671 2130 inertem,
696 2051 751 2133 qui
773 2071 863 2114 mare
887 2056 1051 2132 temperat

286 2170 465 2234 Ventosnm
490 2174 523 2234 et
545 2170 642 2250 urbes
664 2191 830 2254 regnaque
853 2171 972 2249 tristia,

286 2291 449 2374 Divosque
474 2291 692 2374 mortalesque
717 2290 831 2355 turbas

285 2412 426 2496 Imperio
452 2414 536 2495 regit
558 2435 641 2478 unus
663 2412 839 2497 aeque.“²)

213 2550 319 2632 Atque
344 2572 442 2632 quum
472 2572 492 2614 a
515 2552 574 2616 Dis
602 2575 655 2617 res
684 2554 848 2617 humanae
878 2557 1034 2630 regantur
1058 2556 1091 2614 et
1113 2549 1248 2613 admini-

108 2676 263 2749 strentur,
300 2692 365 2734 uon
402 2690 501 2732 caeco
533 2670 660 2734 cuidam
688 2672 767 2749 fato,
800 2669 858 2734 sed
880 2669 1074 2734 immutabili
1105 2671 1247 2752 supremi

109 2790 249 2853 numinis
273 2789 419 2868 consiliu,
444 2789 588 2872 ipsorum
610 2791 776 2855 homiuum
799 2792 896 2875 culpa
918 2797 1127 2874 praeparato,
1152 2813 1249 2874 quae·

110 2929 235 2992 cunque
268 2909 451 2975 hominibus
482 2909 650 2990 accidunt,
683 2917 758 2976 suut
787 2911 970 2976 tribuenda.
1018 2910 1168 2976 Omnium
1190 2912 1248 2995 igi·

108 3036 170 3109 tur,
203 3030 317 3112 quibus
341 3031 530 3114 respublica
551 3031 698 3096 Romana
721 3031 881 3110 afficitur,
918 3032 1140 3096 calamit-atum
1165 3033 1248 3098 Deo-

107 3173 178 3215 rum
201 3150 357 3216 adversus
379 3153 494 3217 urbem
518 3154 567 3216 ira
590 3173 689 3217 causa
710 3151 858 3236 putanda
882 3158 940 3231 est,
968 3173 1050 3235 „uec
1074 3153 1248 3236 quidquam

107 3271 219 3336 tristes
242 3272 464 3355 querimoniae
493 3280 639 3357 prosunt,
671 3273 698 3336 si
729 3294 793 3338 uou
817 3273 977 3356 supplicio
1010 3274 1107 3357 culpa
1128 3275 1247 3339 recidi-

108 3388 232 3467 tur.“³)
279 3391 408 3455 Delicta
430 3392 586 3475 majorum
611 3394 765 3458 Romanis
787 3394 907 3457 luenda
930 3400 1014 3472 suut,
1047 3379 1152 3458 donec
1181 3396 1247 3459 col-

107 3508 201 3591 lapsa
232 3511 374 3575 Deorum
405 3513 530 3595 templa
561 3513 777 3594 refeceriutl)
814 3535 852 3577 ac
882 3515 988 3579 scelus
1019 3515 1156 3594 Romuli,
1192 3515 1247 3597 qui

107 3629 245 3694 fratrem
261 3632 390 3713 occidit,
415 3653 545 3717 semper
568 3635 601 3698 in
624 3635 765 3717 posteris
788 3636 938 3702 haerebit
952 3635 1133 3722 „cruorque
1156 3639 1250 3704 Remi

212 3872 220 3910 1
251 3872 366 3925 carm.I
368 3873 564 3943 „12114sqq.

223 3872 233 3939 l

210 3975 232 4043 2)
251 3991 335 4028 carm.
354 3976 402 4039 ΙΙΙ,
421 3979 444 4043 4,
464 3979 497 4031 45
516 3997 574 4047 sqq.

208 4078 232 4146 3)
251 4096 335 4132 carm
353 4079 400 4144 Ill,
420 4081 461 4145 24,
481 4081 515 4134 33
532 4098 590 4149 sqq.

208 4181 232 4250 q
251 4183 363 4251 epoev
382 4184 427 4238 fin
