2886 4724
672 201 690 260 9

578 287 782 294 ...ὰ-...ρκ-

113 404 215 484 dicat,
244 405 424 483 Romulum,
455 404 603 483 Numam,
635 403 802 485 Regulum,
835 403 1001 482 Scaurum,
1033 400 1088 466 ubi
1119 401 1250 485 „nobile
1299 425 1302 430 ·

115 526 183 608 ejus
213 524 336 590 1111111α
366 523 556 603 admiratur,
587 530 624 588 ut
654 543 753 587 carm.
784 523 827 601 ΙΙ,
862 529 888 601 1,
914 527 954 587 24
984 528 1152 605 ,atrocem
1183 522 1251 604 ejus

19 675 21 680 ·
115 645 289 709 animum.“
335 645 380 709 Ut
403 644 500 727 igitur
524 644 662 722 Stoicen,
695 642 1251 726 11111111111111111111111111
1301 703 1305 712 ,

114 767 146 830 11
176 766 337 848 poematis
368 765 433 830 suis
465 764 597 858 carpit,
614 764 660 827 sic
695 764 782 828 viros
809 783 927 828 revera
954 764 1081 828 Stoicos
1109 765 1250 829 maxime

113 893 300 964 veneratur,
334 905 431 968 quum
453 883 590 966 propria
617 883 746 947 illorum
769 889 959 966 praecepta,
988 890 1025 947 ut
1054 884 1141 947 infra
1163 885 1251 948 vide-

112 1007 229 1084 bimus,
260 1008 391 1068 omnino
415 1003 542 1087 probet.
591 1002 716 1066 Deinde
740 1023 781 1067 ex
804 1002 868 1066 alio
892 1023 1019 1085 quoque
1049 1008 1249 1084 argumenta

116 1132 213 1207 atque
243 1125 300 1189 illo
328 1123 458 1206 quidem
488 1123 575 1187 haud
604 1123 651 1186 ita
677 1123 752 1202 levi,
784 1123 901 1201 elucet,
931 1123 1103 1187 Horatium
1133 1124 1250 1189 Stoicis

116 1245 258 1309 alienum
282 1266 345 1309 non
370 1244 468 1308 luisse
492 1241 588 1308 Haud
610 1243 716 1306 minus
739 1263 833 1325 quam
855 1243 1048 1322 Stoicorum,
1072 1243 1250 1327 Epicureo-

114 1385 185 1428 rum
217 1386 343 1447 quoque
375 1365 568 1448 disciplinae
597 1364 752 1448 permulti
780 1364 929 1428 homines
970 1364 1102 1428 minime
1143 1364 1252 1447 philo-

113 1484 209 1567 sophi
243 1506 314 1549 sese
338 1485 559 1564 addixerant,
607 1491 704 1568 atque
740 1485 764 1547 ii
798 1503 901 1566 aeque
936 1489 1034 1567 atque
1074 1485 1176 1550 Stoici
1209 1483 1250 1548 ab

114 1604 253 1669 Horatio
283 1605 471 1671 irridentur.
522 1608 673 1672 Pertinet
702 1607 765 1671 huc
789 1613 848 1672 sat.
872 1606 916 1686 II,
941 1613 970 1685 4,
1001 1627 1065 1690 qua
1094 1597 1252 1690 perversa

115 1744 236 1803 eorum,
267 1726 323 1807 qui
351 1731 430 1791 tunc
461 1726 624 1806 vivebant,
656 1727 894 1809 Epicureorum
924 1726 1023 1792 libido
1055 1727 1249 1809 exagitatur.

113 1842 283 1908 Inducitur
302 1845 336 1908 in
359 1865 397 1909 eo
412 1845 555 1908 carmine
565 1844 676 1909 Catius
697 1844 836 1928 quidam,
853 1847 908 1929 qui
921 1866 1039 1928 magno
1058 1867 1130 1909 cum
1144 1845 1250 1911 studio

114 1985 298 2048 magnaque
324 1986 396 2028 cum
416 1965 576 2047 gravitate
596 1959 676 2029 artis
692 1965 870 2030 culinariae
889 1985 1085 2048 mensaeque
1101 1965 1185 2031 benc
1203 1965 1251 2029 in-

114 2083 289 2150 struendae
302 2092 490 2170 'praecepta
507 2085 616 2150 tradit.
643 2087 705 2166 Qui
721 2086 833 2151 Catius
852 2087 919 2150 sive
941 2093 991 2151 111
1008 2087 1078 2170 ipse
1098 2086 1154 2150 1111
1173 2087 1251 2169 Epi-

58 2269 61 2274 ,
114 2225 240 2285 oureus,
256 2207 311 2288 qui
327 2206 520 2271 aCicerone
534 2206 557 2287 ¹)
579 2212 612 2271 et
624 2208 825 2285 Quintiliano
835 2205 863 2288 2)
881 2215 1163 2286 commemoratur,
1181 2207 1248 2272 sive

115 2349 180 2391 non
199 2333 258 2407 est,
272 2334 382 2392 tamen
402 2328 580 2393 scholiasta
593 2330 796 2412 (Jruqnianus
815 2328 903 2393 haud
917 2349 1028 2392 errare
1042 2327 1181 2407 videtur,
1196 2328 1251 2409 qui

117 2446 246 2511 Catium
269 2455 420 2513 nostrum·
438 2450 637 2533 Epicureum
660 2449 759 2514 luisse
794 2448 875 2514 dicit
904 2450 953 2513 rei
976 2448 1155 2514 culinariae
1184 2461 1251 2512 stu·

112 2567 337 2633 diosissimum.
384 2569 504 2634 Irridet
534 2572 633 2652 igitur
657 2571 720 2634 hoc
745 2570 889 2634 carmine
914 2590 1026 2633 omnes
1048 2569 1123 2634 illos
1146 2569 1249 2633 homi·

112 2710 171 2752 nes
194 2688 311 2752 stultos
335 2709 373 2751 ac
396 2709 580 2771 perversos,
616 2689 680 2770 qui,
717 2709 813 2770 quum
837 2709 915 2752 vera
938 2689 1074 2770 Epicuri
1097 2688 1250 2752 doctrina

114 2807 280 2870 nonsatis
304 2807 474 2871 intellecta
491 2828 647 2890 summam
671 2807 758 2871 vitae
782 2806 974 2870 felicitatem
997 2807 1030 2870 in
1054 2812 1149 2888 ,cute
1165 2806 1249 2872 bene

114 2925 319 3006 curanda“3)
342 2934 516 3010 ponerent,
540 2929 626 2993 illius
643 2927 849 3011 disciplinam
873 2927 916 2991 ad
931 2926 1124 3009 Cynicorum
1147 2927 1250 2991 humi-

113 3047 240 3112 litatem
255 3047 458 3132 redigebant.
492 3050 605 3134 Neque
628 3051 691 3115 hoc
714 3051 787 3115 loco
803 3047 1100 3133 praetermittenda
1121 3047 1251 3139 videtur

112 3179 171 3242 sat.
195 3179 237 3257 II,
262 3175 291 3248 8,
323 3192 406 3254 quae
438 3173 559 3258 optime
589 3171 787 3260 comparari·
803 3175 914 3254 potest
937 3190 1009 3234 cum
1034 3190 1083 3248 eo,
1112 3166 1153 3232 de
1185 3189 1248 3251 quo

113 3320 213 3383 snpra
232 3299 299 3380 jam
324 3297 457 3380 egimus,
483 3293 638 3371 carmine,
663 3297 722 3357 sat.
747 3290 789 3371 ΙΙ,
814 3297 843 3356 7.
856 3290 884 3365 4)
935 3290 1139 3372 Loquentem
1163 3288 1248 3353 enim

114 3417 158 3481 ibi
182 3416 263 3480 lacit
286 3417 441 3480 Horatius
458 3413 669 3478 Nasidienum
693 3411 865 3494 quendam,
891 3431 987 3492 quam
1002 3409 1125 3474 divitiis
1148 3408 1249 3472 abun-

113 3537 246 3601 dantem
281 3543 348 3599 tam
392 3535 479 3599 omni
520 3531 723 3598 humanitate
765 3537 949 3609 carentem,
998 3529 1053 3612 qui
1092 3549 1249 3594 summum

217 3829 239 3898 ¹)
258 3827 312 3882 Cic.
331 3826 396 3880 fam.
414 3823 473 3889 XV,
494 3823 534 3887 16,
554 3823 576 3876 1.

216 3933 239 4002 2)
258 3930 352 3995 Quint.
370 3929 437 3983 inst.
456 3945 494 3981 or.
512 3927 545 3992 X,
565 3928 588 3990 1,
608 3927 666 3980 125.

216 4039 238 4109 3)
258 4037 337 4106 epist.
348 4035 368 4098 l,
386 4035 411 4098 4,
432 4035 472 4087 15.
1039 4103 1041 4106 v

215 4142 238 4213 ⁴)
258 4141 292 4194 cf.
310 4137 464 4205 Kirchhoff,
482 4136 578 4205 Progr.
596 4135 695 4204 Gymn.
713 4132 823 4202 loseph.
841 4131 944 4185 Hildes.
964 4127 1038 4193 1873,
1057 4145 1121 4197 pag.
1136 4128 1161 4180 4.

1041 4230 1057 4283 2
