2886 4724
145 352 232 416 ritae
256 372 334 415 suae
359 354 582 414 consentanea
604 348 730 427 reddet,
754 348 802 411 ita
824 354 860 410 ut
883 367 994 411 omnes
1011 345 1288 436 perturbationes

146 493 184 536 ac
207 471 446 554 discrepantias
469 468 619 564 abjiciat,
650 468 862 550 omnibusque
884 468 919 531 iu
942 465 1039 531 rebus
1062 466 1289 558 constantiam

146 596 263 656 servet.
310 589 403 668 Quod
425 596 461 653 ut
482 587 556 653 fieri
584 588 697 672 possit,
729 587 898 671 hominem
927 584 1148 669 voluptatibus
1178 575 1290 668 impe-

147 731 234 790 rare,
259 731 324 775 non
347 732 381 775 se
405 708 446 774 ab
470 709 535 773 illis
558 708 628 791 regi
651 704 759 772 sinere
783 728 917 772 necesse
942 712 1007 773 est:

483 867 485 871 ·
560 827 729 912 ,Animum
752 847 845 910 rege3
868 827 925 910 'qui
946 827 1009 891 uisi
1030 832 1136 910 paret,

276 950 437 1034 Imperat3
462 948 549 1013 hunc
571 949 673 1013 frenis
696 949 782 1012 hunc
805 953 840 1012 tu
864 967 1036 1034 compesce
1061 947 1212 1011 catena.“
1229 947 1258 1031 ¹)

251 1069 384 1150 Minime
407 1074 517 1132 tamen
540 1068 697 1151 sapientis
721 1072 779 1148 est,
795 1068 961 1151 appetitus
985 1073 1138 1132 enatura
1153 1058 1301 1149 insitos,

148 1191 280 1274 penitus
303 1189 499 1272 opprimere,
529 1209 634 1270 quum,
659 1189 685 1251 si
709 1188 772 1251 hoo
795 1185 863 1267 fiat,
896 1186 1120 1252 condicionem
1144 1193 1293 1254 naturae

150 1309 238 1375 haud
265 1320 519 1374 consentaneam
543 1308 700 1372 exsistere
729 1311 864 1372 necesse
892 1309 944 1388 sit,
974 1327 1110 1391 quacum
1134 1309 1293 1390 aequitas

150 1430 207 1494 illa
228 1429 513 1512 tranquillitasque
535 1430 755 1511 animi,·quam
779 1428 821 1492 ad
835 1427 932 1493 beate
955 1427 1128 1493 vivendum
1151 1429 1291 1495 omnino

150 1550 370 1614 necessariam
394 1570 464 1614 esse
487 1549 634 1629 vidimus,
669 1554 820 1614 constare
844 1570 909 1612 non
931 1549 1044 1632 possit.
1113 1551 1292 1634 Quaprop-

150 1676 202 1734 ter
235 1670 366 1753 sapiens
399 1671 500 1734 multo
531 1671 641 1753 magis,
678 1691 774 1753 quam
809 1671 912 1735 ceteri
946 1670 1094 1735 homines
1128 1690 1290 1750 „auream

150 1789 240 1854 illam
274 1790 592 1872 mediocritatem“²)
627 1792 782 1874 sequitur,
817 1812 882 1874 qua
912 1796 1062 1855 neutram
1091 1791 1125 1854 in
1155 1797 1289 1874 partem

151 1909 280 1974 modum
304 1912 449 1990 excedit3
479 1913 632 1976 virtutem
655 1912 710 1976 ille
733 1917 828 1996 putat
852 1933 921 1976 esse
946 1911 1108 1994 ,medium
1131 1912 1288 1977 vitiorum

153 2037 186 2095 et
208 2032 370 2114 utrimque
386 2032 591 2096 *1·eductum“
603 2031 631 2115 3)
662 2039 696 2096 e't
726 2033 873 2096 omnibus
903 2033 1000 2097 rebus
1030 2032 1159 2097 modum
1183 2053 1289 2115 quen-

152 2151 226 2215 dam
260 2157 430 2234 certosque
465 2152 546 2217 fines
587 2152 694 2217 inesse
730 2159 844 2218 censet
877 2153 985 2234 ,ultra
1018 2165 1098 2236 quos
1137 2153 1289 2236 citraque

153 2272 268 2354 nequit
302 2273 480 2337 consistere
515 2273 713 2356 recemum)
776 2274 822 2338 Ut
854 2274 952 2356 igitur
985 2273 1125 2339 medium
1155 2292 1289 2355 semper

87 2424 90 2429 ·
151 2392 329 2456 tenendum
345 2398 396 2456 est·
417 2394 504 2456 inter
526 2381 696 2457 audaciam
718 2399 751 2458 et
763 2393 994 2480 temeritatem,
1011 2395 1098 2459 inter
1114 2397 1289 2461 auaritiam
1327 2444 1330 2448 ι

153 2517 186 2576 et
209 2513 379 2592 luxuriam,
406 2513 494 2577 inter
517 2513 703 2597 superbiam
726 2514 759 2577 in
783 2513 879 2578 rebus
903 2514 1054 2579 secundis
1077 2522 1111 2579 et
1132 2514 1289 2599 despera-

153 2633 277 2697 tionem
300 2633 344 2696 -in
377 2634 474 2698 rebus
508 2633 670 2715 adversis,
707 2636 753 2700 sio
786 2635 900 2715 etiam,
936 2635 991 2718 qui
1020 2635 1134 2700 virtuti
1167 2637 1287 2718 studet,

152 2754 283 2818 modum
310 2736 424 2819 teneat
456 2777 590 2821 necesse
621 2762 685 2835 est,
722 2762 754 2820 et
782 2755 938 2820 Horatius
968 2756 1037 2839 ipse
1071 2755 1187 2820 beatus
1224 2758 1289 2823 sibi

140 2876 295 2955 uidetur,
331 2876 417 2958 quod
446 2877 508 2942 sibi
536 2878 719 2960 contigerit,
751 2885 787 2943 ut
810 2899 944 2943 auream
966 2876 1057 2942 illam
1079 2877 1288 2942 mediocrita-

152 2999 219 3058 tem
242 2995 414 3076 invenerit,
439 3017 535 3078 quum
559 2998 628 3080 ipse
651 2997 691 3062 de
715 3020 749 3063 se
773 2999 867 3080 epist.
881 2997 923 3068 ΙΙ,
938 3002 966 3075 2,
986 3001 1042 3060 201
1071 2998 1154 3061 haec
1178 2997 1284 3063 dicat:

309 3116 401 3197 „Non
424 3117 549 3199 agimur
571 3117 702 3182 tumidis
724 3118 805 3182 velis
828 3118 986 3201 Aquilone
1011 3118 1168 3183 secundo:

330 3237 403 3302 Nou
426 3251 536 3303 tamen
560 3239 705 3303 adversis
728 3244 871 3303 aetatem
893 3239 1039 3303 ducimus
1063 3239 1199 3320 Austris,
1296 3247 1299 3252 '

331 3359 471 3439 Viribus,
493 3361 635 3440 ingenio,
659 3361 778 3443 specie,
803 3361 933 3440 virtute,
958 3361 1040 3439 icoc,
1064 3380 1110 3439 re,

332 3480 478 3546 Extremi
501 3480 688 3563 primorum,
714 3481 868 3546 extremis
890 3502 990 3562 usque
1013 3480 1172 3564 p1·iures.“

155 3637 412 3647 ——.—..-...—,..

261 3720 282 3786 Ι)
301 3718 379 3787 epist.
399 3719 418 3782 l,
438 3719 462 3782 2,
482 3719 524 3774 62.

260 3803 283 3868 ²)
301 3822 384 3858 carm.
402 3805 436 3869 II,
457 3806 496 3868 10,
516 3807 540 3857 5.

209 3917 212 3921 ¹
259 3892 282 3959 3)
301 3891 379 3961 epist.
399 3893 419 3957 I,
440 3892 479 3957 18,
498 3894 522 3945 9.

259 3979 283 4047 ⁴)
301 3978 380 4047 epist.
401 3979 420 4042 1,
440 3980 463 4041 1,
483 3979 540 4031 106.
569 3988 572 3993 “
