2886 4724
566 135 769 230 „El-„m

98 347 211 406 tamen
234 341 374 404 animum
396 345 486 404 metu
508 339 650 404 liberare
674 338 852 420 mortisque
876 337 1001 419 laqueis
1025 343 1234 421 caputexpe-

99 458 169 524 dire
192 460 310 543 possit:
328 457 351 539 ¹)

134 578 137 586 ’
304 579 399 661 „Non
423 579 509 643 enim
533 597 631 660 gazae
656 597 761 658 neque
786 576 966 640 consularis

327 699 515 764 Summovet
537 696 634 759 lictor
657 695 793 760 miseros
814 696 971 760 tumultos

327 819 457 897 Mentis,
482 823 516 882 et
539 838 634 882 curas
656 817 811 899 laqueata
833 818 956 882 circum

328 938 430 1002 Tecta
452 938 632 1002 volantes.“
644 935 673 1018 2)

205 1058 308 1134 Quam
339 1056 474 1122 eandem
507 1058 703 1122 sententiam
734 1058 798 1122 alio
828 1077 954 1140 quoque
989 1055 1062 1121 loco
1096 1056 1233 1140 profert,

101 1197 199 1240 carm.
224 1175 282 1256 ΙΙΙ,
309 1182 335 1256 1,
361 1183 411 1255 41,
436 1198 504 1260 sqq.

355 1295 551 1378 „Dolentom
574 1317 636 1361 nec
659 1298 819 1382 Phrygius
841 1296 925 1381 lapis

377 1418 447 1483 Nec
469 1439 688 1502 purpurarum
712 1418 817 1484 sidere
842 1418 963 1484 clarior

378 1539 511 1604 Delenit
531 1560 618 1618 usus,
644 1560 706 1604 nec
728 1538 871 1604 Falerna

330 1679 333 1682 ’
378 1657 462 1722 Vitis
485 1658 804 1741 Achaemeniumque
829 1657 974 1724 costum“

85 1786 134 1843 ,et
157 1779 190 1843 in
215 1776 329 1843 eodem
352 1778 496 1843 carmine
520 1801 548 1841 v.
573 1783 623 1865 37v
638 1779 720 1844 haec
743 1778 911 1861 leguntur:

588 1899 718 1981 „Timor
741 1905 774 1963 et
797 1899 905 1963 Minae

279 2045 281 2049 ·
358 2018 525 2084 Scandunt
548 2019 672 2099 eodem,
697 2040 759 2103 quo
783 2019 940 2099 dominus,
966 2040 1071 2102 neque

357 2139 497 2205 Decedit
519 2146 634 2204 aerata
656 2142 782 2205 triremi
805 2147 839 2206 et

357 2261 435 2326 Post
458 2261 600 2343 equitem
624 2261 717 2327 sedet
740 2268 814 2326 atra
837 2264 948 2326 cura.“

203 2382 242 2445 In
264 2382 358 2448 nobis
379 2381 478 2464 igitur
508 2381 596 2464 ipsis,
628 2402 693 2446 non
723 2388 817 2446 extra
844 2403 913 2461 nos,
949 2402 989 2446 ea
1020 2382 1113 2447 nobis
1137 2402 1234 2464 quae·

99 2501 204 2566 nenda
226 2506 309 2579 sunt,
343 2520 427 2582 quae
450 2521 561 2564 veram
585 2501 678 2565 nobis
701 2500 891 2566 felicitatem
916 2523 1109 2585 comparare
1132 2503 1233 2567 vitam

100 2642 163 2703 que
197 2626 342 2685 nostram
376 2639 487 2683 veram
522 2619 624 2683 vitam
657 2619 795 2683 reddere
828 2621 963 2703 possint.
1026 2623 1235 2706 Quapropter

100 2740 234 2805 stultum
257 2748 315 2821 est,
334 2760 390 2807 eas
412 2761 465 2806 res
488 2742 618 2821 sectari,
638 2762 720 2825 quae
736 2737 838 2806 ¹entra
860 2763 919 2807 nos
943 2748 1026 2822 sunt,
1044 2764 1141 2825 quum
1161 2763 1234 2806 nos-

100 2862 257 2945 metipsos
281 2861 424 2946 effugere
454 2882 662 2944 nequeamus.
671 2860 700 2942 ³)
745 2862 814 2927 Nec
839 2863 1009 2946 quisquam
1031 2869 1108 2927 ante
1131 2862 1234 2927 fortu-

100 3002 175 3046 nam
206 2989 371 3067 speratam
402 2991 611 3068 assequetur,
647 3005 745 3069 quam
774 2985 853 3050 insit
880 2984 914 3048 in
945 3004 984 3048 eo
1007 2990 1123 3068 pectus
1148 2983 1233 3050 bene

98 3109 342 3184 praeparatum.
352 3102 381 3184 4)
438 3105 575 3170 Frustra
606 3105 831 3172 contendimus
859 3106 893 3170 in
922 3112 1039 3185 terras,
1075 3105 1139 3169 alio
1163 3106 1233 3171 sole

101 3221 256 3299 calentes,
291 3244 366 3288 nam
397 3226 546 3307 „patriae
578 3225 648 3307 'quis
677 3226 768 3291 exsul
790 3248 824 3291 se
856 3245 983 3309 quoque
1008 3225 1123 3309 fugit,“
1136 3223 1164 3306 5)
1200 3233 1234 3290 et

100 3336 258 3420 „caelum
290 3361 355 3405 non
378 3342 521 3407 animum
550 3350 687 3424 mutant,
719 3346 773 3428 qui
796 3353 889 3411 trans
912 3365 1002 3410 mare
1027 3343 1232 3423 currunt.“⁶)

203 3525 225 3594 l)
243 3542 326 3580 carm.
345 3526 452 3590 111‚24‚
472 3527 485 3579 1
505 3543 563 3594 sqq.

202 3612 224 3681 2)
244 3629 327 3665 carm.
346 3612 380 3676 II,
395 3612 440 3677 ’16,
459 3613 475 3666 9
494 3630 553 3681 sqq.

201 3697 452 3769 &mLmffi

201 3783 225 3852 4)
244 3801 328 3838 carm.
347 3783 381 3848 Π,
401 3786 442 3850 10,
462 3787 502 3839 15.

201 3870 224 3940 3)
243 3887 326 3925 carm.
344 3869 379 3934 ll,
399 3871 439 3935 16,
459 3871 491 3924 18
509 3891 567 3942 sqq.

203 3955 225 4027 ⁶)
244 3955 322 4026 epist.
341 3956 361 4022 Ι,
382 3957 482 4024 11,27.
