2886 4724
547 156 716 248 .‚5.

568 271 772 280 ...-—-.-—-m---

193 395 236 458 Et
258 391 355 458 simili
378 389 474 455 modo
498 390 562 454 alio
586 390 659 454 loco
683 388 836 471 legimus:

22 558 27 576 .
105 515 221 598 ,Nunc
244 513 354 594 itaque
378 516 412 575 et
434 531 550 576 versus
570 515 604 573 et
627 513 739 573 cetera
761 506 888 571 ludicra
909 527 1013 589 pono;

106 632 190 722 Quid
204 654 316 697 verum
329 637 426 713 atque
444 630 565 694 decens
579 649 666 708 euro,
681 596 714 691 et
726 647 804 709 rogo
819 631 852 690 et
864 626 968 691 omnis
980 625 1013 688 in
1026 625 1088 690 hoc
1100 645 1170 689 sum
1185 620 1241 703 ¹).“

17 835 21 843 ι
90 772 95 782 ·
126 723 128 728 Υ
188 753 227 817 In
250 751 397 817 omnibus
420 750 518 832 igitur
540 748 614 827 illis,
640 769 719 830 quos
742 747 847 827 attuli,
871 746 965 826 locis,
992 767 1055 828 quo
1080 766 1097 809 e
1121 765 1242 828 genere

85 875 203 939 etiam
225 873 337 957 plures
360 869 480 934 afferre
502 889 643 956 possum,
675 867 773 930 claris
803 871 902 949 atque
933 865 1098 929 distinctis
1132 863 1242 928 verbis

62 1023 64 1028 2
104 994 261 1058 Horatius
284 990 373 1086 dicit,
397 1011 431 1054 se
455 987 613 1070 imprimis
636 985 669 1049 id
691 1005 890 1068 cognoscere
914 983 1055 1064 studere,
1081 983 1242 1067 quomodo

107 1111 149 1175 ad
183 1113 284 1185 vitam
317 1111 437 1176 bonam
474 1109 668 1191 beatamque
710 1108 858 1172 homines
891 1106 1066 1190 pervenire
1106 1106 1242 1190 possint.

95 1232 220 1313 Neque
243 1238 353 1296 tamen
377 1230 527 1315 equidem
550 1230 763 1313 negaverim,
781 1229 920 1293 aliarum
949 1247 1076 1311 quoque
1099 1213 1243 1311 philoso-

37 1410 39 1414 Α
106 1351 206 1434 phiae
231 1347 467 1434 quaestionum,
498 1375 564 1418 non
595 1354 636 1418 ad
660 1355 804 1419 ethicam
826 1353 883 1417 sed
912 1351 954 1416 ad
976 1351 1145 1436 physicam
1169 1371 1243 1433 per·

77 1458 78 1462 ¹
105 1472 287 1552 timentium,
312 1493 385 1538 eum
407 1474 569 1538 rationem
603 1474 766 1552 habuisse,
791 1493 986 1556 quamquam
1010 1471 1167 1554 ejusmodi
1189 1490 1243 1536 res

107 1592 247 1657 strictim
269 1598 397 1657 tantum
421 1597 455 1655 et
478 1593 570 1676 quasi
593 1593 627 1656 in
650 1592 791 1666 transitu
813 1597 919 1656 tactas
943 1613 1013 1656 esse
1036 1591 1192 1656 videmus.

193 1711 313 1789 Quodsi
350 1733 390 1776 ex
420 1715 470 1792 iis,
504 1733 586 1796 quae
618 1720 719 1778 antea
752 1704 900 1792 diximus,
931 1713 1104 1777 Horatium
1136 1713 1242 1796 philo-

108 1829 253 1913 sophiae,
286 1836 319 1894 et
342 1829 471 1913 quidem
504 1833 644 1897 maxime
680 1833 924 1916 quaestionibus
954 1833 1085 1912 ethicis,
1120 1831 1243 1915 aliquid

107 1951 263 2014 momenti
299 1950 444 2016 tribuere
484 1959 640 2037 apparet,
683 1953 771 2017 haud
812 1949 954 2017 alienum
993 1973 1063 2017 esse
1101 1951 1240 2031 videtur,

107 2092 277 2154 quaerere,
291 2092 465 2154 quamnam
483 2073 586 2154 exiis,
603 2080 766 2157 quactum
780 2073 953 2153 florebant,
970 2073 1241 2158 philosophorum
1324 2144 1328 2150 ,

106 2191 297 2274 disciplinis,
321 2200 452 2258 secutus
475 2193 527 2257 sit.
584 2196 630 2258 Ac
655 2213 891 2279 saepenumero
923 2192 1052 2278 quidem
1075 2193 1159 2258 haec
1188 2215 1242 2258 res

107 2312 147 2378 ab
171 2313 355 2380 hominibus
375 2315 480 2380 doctis
503 2316 537 2379 in
559 2315 783 2398 quaestionem
805 2321 924 2380 vocata
948 2321 1010 2394 est,
1034 2313 1092 2379 sed
1114 2320 1240 2379 tantum

107 2431 211 2513 abest,
245 2439 282 2498 ut
307 2456 428 2515 omnes,
460 2436 572 2518 quiin
603 2457 642 2500 ea
670 2435 845 2500 tractanda
867 2456 1001 2519 operam
1029 2435 1241 2514 collocarunt,

48 2640 54 2647 Ι
106 2551 148 2615 ad
178 2554 315 2619 eandem
344 2555 541 2621 sententiam
564 2555 788 2637 pervenerint,
823 2560 859 2618 ut
882 2554 955 2618 aliis
978 2555 1134 2619 Horatius
1158 2554 1241 2620 Stoi·

107 2692 230 2754 corum,
260 2672 334 2737 aliis
356 2673 603 2756 Epicureorum,
634 2674 707 2738 aliis
736 2673 1007 2739 Academicorum
1034 2674 1241 2757 disciplinam

107 2797 237 2856 secutus
260 2813 330 2855 csse
354 2792 512 2856 videatur.
553 2794 623 2871 Qua
646 2795 735 2858 inre
758 2793 839 2858 illud
859 2793 975 2857 mirum
996 2792 1099 2858 videri
1121 2799 1241 2877 potest,

109 2909 195 2995 quod
218 2932 331 2977 omnes
353 2912 400 2976 illi
423 2913 570 2980 homines
589 2914 677 2979 docti
700 2913 742 2978 ad
756 2914 995 2980 confirmandas
1018 2935 1092 2981 suas
1111 2921 1238 2993 senten·

106 3033 184 3113 tias,
223 3038 399 3117 tantopere
435 3035 523 3099 inter
556 3057 590 3100 se
622 3035 785 3116 diversas,
823 3034 938 3100 eadem
973 3036 1103 3101 Horatii
1141 3037 1241 3120 ipsius

68 3246 72 3252 ἱ
106 3161 262 3237 poemata
284 3152 464 3220 adhibeant
482 3157 615 3239 ejusque
638 3156 739 3241 ipsius
756 3156 857 3222 verba
879 3162 1074 3239 argumenta
1089 3156 1258 3245 afferant„

108 3273 174 3337 Sed
198 3274 285 3356 quod
306 3274 509 3340 Wielandius
528 3268 595 3358 jam
617 3282 729 3341 monet
738 3274 776 3358 2),
808 3276 966 3360 plurimos
989 3277 1118 3343 Horatii
1140 3279 1241 3343 inter-

106 3397 220 3474 pretes
241 3393 275 3456 in
302 3414 340 3458 eo
370 3415 492 3475 errare,
525 3395 610 3478 quod
635 3398 753 3477 omnia,
784 3419 866 3480 quae
896 3402 997 3482 poeta
1027 3398 1125 3489 dicat,
1155 3399 1239 3464 serio

107 3509 197 3574 dicta
220 3531 291 3576 esse
313 3514 440 3596 putent,
472 3535 634 3598 saepeque
666 3536 782 3599 parum
804 3519 994 3603 respiciant,
1026 3539 1091 3601 qua
1112 3520 1240 3584 ratione

107 3653 147 3695 ac
181 3636 290 3695 mente
323 3654 427 3715 quove
456 3635 564 3700 animo
598 3635 687 3699 dicta
716 3636 790 3716 sint,
826 3638 1014 3703 etiamnunc
1048 3645 1139 3703 reete
1169 3659 1239 3703 sese

107 3752 231 3817 habere
261 3752 342 3817 mihi
364 3752 501 3820 videtur.
555 3755 675 3820 Procul
705 3755 803 3821 dubio
833 3756 867 3820 in
894 3757 1105 3842 philosophia
1134 3759 1240 3824 Hora-

107 3873 199 3938 tiana
222 3873 432 3958 dijudicanda
455 3876 488 3941 id
505 3897 635 3960 semper
651 3878 828 3943 tenendum
847 3883 905 3960 est,
930 3899 1004 3944 eum
1019 3899 1124 3961 neque
1149 3886 1240 3944 certa

160 4044 182 4113 l)
201 4044 280 4112 epist.
300 4046 320 4110 I,
341 4047 363 4111 l,
384 4047 416 4100 10
434 4064 492 4114 sqq.

159 4130 182 4199 ²)
201 4129 250 4184 cfr.
269 4132 364 4185 annot.
383 4132 400 4183 4
417 4133 453 4187 ad
471 4131 550 4202 epist.
569 4133 589 4198 I,
610 4135 632 4199 1,
653 4135 692 4188 10.
