2886 4724
657 237 861 330 *12—

296 437 334 500 Id
357 459 484 520 quoque
509 436 627 501 deinde
651 437 807 502 Horatius
831 439 892 503 sibi
914 439 1086 522 persuasit,
1117 440 1248 505 numine
1272 442 1333 505 ali-

193 578 256 639 quo
281 557 390 622 divino
414 578 467 622 res
491 558 650 622 humanas
673 544 743 640 regi
762 563 858 641 atque
884 557 1115 639 administrari,
1140 581 1178 624 ac
1202 562 1229 624 si
1253 561 1332 643 quid

192 678 233 741 ad
256 684 406 741 naturam
429 679 581 767 revocari
604 680 725 761 nequit,
751 681 837 745 Deos
859 681 946 763 ipsos
970 680 1193 744 intercessisse
1212 686 1333 764 putan-

192 798 250 862 dos
275 818 345 861 esse
369 802 491 861 censet.
539 799 609 876 Qua
633 819 705 861 cum
728 801 894 864 sententia
916 821 1062 884 pugnare
1087 799 1224 880 ridetur,
1244 802 1335 884 quod

192 921 261 1003 ipse
286 923 345 982 sat.
370 918 395 1006 I,
420 924 448 998 5,
478 906 533 981 1'01
561 941 629 1002 sqq.
653 919 750 986 dicit:

228 1080 230 1086 -
393 1038 561 1121 ,Namque
585 1040 664 1105 deos
687 1040 788 1140 didici
815 1062 965 1105 securum
989 1060 1086 1124 agere
1110 1064 1224 1108 aevum

319 1158 388 1221 Nec
412 1158 439 1220 si
463 1159 539 1240 quid
563 1162 637 1223 miri
661 1161 764 1225 faciat
786 1168 913 1241 natu'ra,
932 1163 1027 1251 Deos
1050 1164 1083 1227 id

318 1277 443 1341 Tristes
468 1300 509 1341 ex
532 1278 599 1342 alto
624 1279 708 1342 coeli
731 1278 903 1343 demittere
928 1282 1048 1346 tecto.“

298 1398 504 1463 Putaverunt
527 1399 675 1463 nonnulli
699 1421 738 1462 ex
761 1400 811 1464 his
827 1400 934 1465 verbis
959 1403 1108 1466 concludi
1132 1425 1238 1487 posse,
1263 1404 1331 1468 Ho-

194 1519 315 1581 ratium
339 1519 453 1583 eodem
477 1518 572 1582 modo
597 1539 659 1599 quo
683 1519 861 1602 Epicurum
877 1521 900 1600 ¹)
924 1521 1165 1604 providentiam
1188 1523 1331 1587 divinam

193 1641 373 1723 negavisse,
403 1640 460 1704 sed
484 1640 546 1704 hoc
571 1641 618 1704 ita
640 1661 674 1704 se
698 1663 763 1706 non
795 1642 927 1721 habere,
959 1644 987 1708 si
1017 1650 1120 1707 totum
1151 1645 1330 1708 sententia-

192 1780 263 1823 rum
294 1780 413 1823 nexum
446 1760 677 1844 perspicimus,
713 1783 875 1847 apparere
906 1765 1043 1830 videtur.
1092 1764 1214 1829 Narrat
1245 1764 1331 1828 enim

193 1880 348 1946 Horatius
371 1882 404 1946 in
435 1882 552 1947 itinere
581 1884 636 1948 illo
668 1886 897 1961 Brundusino,
917 1887 1001 1969 quod
1035 1909 1106 1951 cum
1135 1888 1329 1952 Maecenate

193 2005 421 2088 nonnullisque
438 2007 551 2071 amicis
571 2007 650 2070 fecit
667 2005 1106 2088 desc1·ibend0,llgnatiae²)
1124 2007 1331 2071 sacerdotem

193 2127 255 2192 sibi
289 2128 489 2210 persuadere
522 2129 692 2207 studuisse,
728 2134 802 2191 tura
831 2127 874 2209 lin
905 2128 1016 2192 limine
1040 2126 1154 2208 templi
1177 2127 1331 2208 imposita

194 2247 263 2310 sine
287 2246 363 2329 igne
388 2246 569 2328 liquescere
597 2251 631 2309 et
653 2245 781 2328 quidem
806 2246 948 2311 Deorum
971 2246 1116 2330 ipsorum
1139 2266 1211 2329 ope.
1257 2246 1330 2310 Non

194 2372 261 2430 tam
289 2367 440 2430 credulus
472 2386 551 2430 sane
582 2365 733 2448 vulgique
764 2365 1047 2450 superstitionibus
1076 2367 1158 2431 adeo
1189 2366 1329 2431 imbutus

194 2494 266 2552 erat
288 2487 454 2566 Horatius,
480 2492 524 2565 ut,
549 2487 677 2551 etiamsi
699 2487 739 2552 de
771 2487 880 2553 divina
906 2489 1115 2571 providentia
1146 2511 1211 2553 non
1240 2487 1327 2553 dubi·

192 2613 290 2683 taret,
321 2607 388 2670 tale
411 2597 594 2689 prodigium
617 2607 689 2671 fieri
712 2629 809 2692 posse
834 2609 985 2673 crederet
1013 2631 1128 2693 resque
1152 2615 1220 2673 tam
1242 2610 1331 2673 leves

194 2730 252 2793 Dis
288 2729 525 2793 immortalibus
561 2750 659 2793 curae
695 2751 765 2795 esse
799 2736 942 2814 putaret,
977 2753 1038 2796 nec
1071 2731 1188 2795 mirum
1222 2730 1329 2813 igitur,

194 2849 280 2932 quod
315 2850 491 2915 exclamat:
531 2850 652 2914 Credat
684 2851 829 2916 Judaeus
864 2852 981 2935 Apella
1016 2874 1081 2916 non
1115 2873 1184 2934 ego.
1196 2850 1224 2930 3)
1282 2848 1331 2911 Ex

129 3003 131 3008 ·
195 2970 306 3034 multis
332 2969 404 3034 aliis
428 2990 554 3053 quoque
578 2973 660 3037 locis
688 2971 838 3049 efficitur,
863 2993 957 3052 quam
981 2973 1076 3054 longe
1099 2978 1198 3054 poeta
1220 2975 1331 3033 noster

199 3091 329 3170 afuerit,
353 3097 390 3155 ut
413 3091 561 3155 omnibus
584 3090 647 3152 illis
670 3089 827 3171 prodigiis
850 3107 888 3149 ac
912 3088 1087 3164 miraculis,
1113 3106 1195 3168 quae
1219 3087 1331 3166 vulgus

183 3211 381 3297 'imperitum
405 3230 522 3274 revera
538 3231 608 3273 esse
625 3209 772 3291 putabat,
797 3206 894 3271 fidem
918 3205 1065 3285 haberet,
1090 3226 1224 3289 quorum
1245 3226 1330 3268 com-

196 3349 379 3395 memorare
403 3330 504 3393 liceat
527 3334 586 3392 sat.
605 3329 630 3408 I,
656 3333 685 3407 9,
710 3332 759 3406 29,
784 3327 839 3392 ubi
862 3348 966 3409 aequo
989 3326 1096 3392 animo
1130 3347 1164 3391 se
1198 3326 1332 3411 ineptiis

195 3453 319 3536 garruli
341 3453 427 3517 illius
450 3451 590 3516 hominis
614 3451 725 3515 necari
750 3434 903 3534 expectat
953 3454 967 3512 t
990 3471 1063 3512 cum
1085 3448 1163 3513 ficta
1193 3447 1330 3531 quadam

196 3574 357 3657 gravitate
381 3570 554 3638 verborum
579 3573 707 3637 illorum
731 3572 930 3637 mentionem
953 3572 1043 3650 facit,
1068 3591 1150 3653 quae

278 3762 299 3830 ¹)
310 3762 383 3815 Ante
401 3760 493 3814 oculos
512 3761 555 3814 vel
569 3763 643 3817 certe
661 3761 691 3814 in
709 3767 801 3813 mente
819 3758 948 3812 habuisse
966 3757 1074 3811 videtur
1095 3756 1223 3813 Horatius
1243 3771 1333 3807 versus

195 3847 324 3912 Lucretii,
343 3847 377 3900 de
395 3865 446 3901 rer.
460 3848 518 3900 nat.
537 3845 570 3910 V,
590 3846 631 3910 82,
651 3846 697 3910 Vl,
718 3845 750 3898 58
768 3844 817 3898 ubi
829 3843 925 3897 iisdem
944 3843 999 3897 fere
1018 3844 1108 3898 verbis
1119 3841 1233 3896 dicitur:
1252 3856 1332 3891 »nam

196 3934 265 3988 bene
283 3932 331 4001 qui
349 3933 468 3988 didicere
486 3934 549 3986 deos
567 3938 692 3986 securur'n
710 3948 792 4000 agere
810 3948 930 3985 aevom«

299 4019 321 4086 ²)
341 4019 470 4074 Sermone
487 4017 565 4088 vulgi
580 4018 682 4073 Gnatia
700 4017 749 4072 illa
767 4017 831 4070 urbs
849 4015 1050 4086 appellabatur,
1069 4013 1141 4082 quod
1156 4030 1255 4066 nomen
1268 4012 1332 4065 Hor.

197 4123 304 4174 quoque
323 4106 475 4175 usurpavit.

301 4191 325 4260 ³)
343 4192 378 4246 cf.
397 4192 548 4257 Kirchhoff,
566 4193 584 4246 l.
599 4191 616 4245 l.
636 4210 699 4262 pag.
710 4191 734 4245 9.
