2886 4724
753 244 790 304 lO

153 459 156 468 ·
200 452 397 512 momentum
421 453 455 511 et
476 445 596 530 ipsein
622 445 747 512 edendo
771 467 810 512 ac
834 445 976 512 bibendo
988 447 1092 530 ponit,
1108 467 1209 529 eoque
1227 447 1340 512 absur-

198 567 311 632 ditatis
322 565 482 650 procedit,
497 572 534 630 ut
553 568 791 650 praestantiam
808 568 962 647 ciborum,
976 568 1031 650 qui
1050 565 1083 630 in
1097 587 1179 631 cena
1196 568 1340 651 appositi

198 690 282 766 sunt,
309 707 419 750 coram
443 688 589 752 convivis
612 687 761 753 laudibus
785 688 932 766 extollat,
968 687 1016 751 ita
1038 691 1075 750 ut
1095 688 1197 751 omnis
1220 708 1337 764 sermo,

201 805 256 886 qui
280 827 380 888 super
404 827 518 871 cenam
542 807 658 890 agitur,
683 808 723 872 de
747 807 968 890 voluptatibus
991 807 1159 890 epularum
1183 807 1262 890 ipsis
1285 809 1338 887 sit,

200 924 408 1009 studiumque
432 926 635 996 demonstret
658 927 845 1007 Nasidieni,
881 927 1068 992 ostentandi
1085 927 1215 992 divitias
1239 933 1337 1010 atque

197 1067 289 1113 suam
322 1048 356 1112 in
399 1048 503 1131 epulis
538 1048 739 1132 apparandis
778 1055 811 1113 et
845 1047 1049 1113 exstruendis
1090 1047 1296 1131 elegantiam.
1312 1048 1337 1127 ¹)

203 1169 355 1251 Apparet
387 1168 494 1250 igitur,
532 1168 704 1232 Horatium
734 1189 840 1251 neque
874 1169 908 1233 in
945 1169 1129 1234 Stoicorum
1162 1188 1267 1250 neque
1301 1168 1336 1232 in

198 1289 437 1371 Epicureorum
460 1287 561 1352 verba
580 1287 704 1371 jurare,
728 1286 785 1352 sed
808 1288 877 1353 sine
901 1288 952 1352 ira
974 1296 1008 1352 et
1030 1287 1147 1366 studio,
1179 1286 1335 1370 quidquid

101 1472 104 1478 Α
196 1409 229 1472 in
253 1413 391 1491 utraque
415 1407 589 1491 disciplina
611 1407 742 1472 modum
766 1407 927 1471 excedere
948 1406 1129 1485 videbatur,
1154 1407 1335 1490 reprehen-

194 1526 281 1592 dere.
332 1528 396 1593 Sed
424 1550 486 1611 quo
521 1529 706 1594 accuratius
739 1548 779 1591 ac
816 1528 943 1608 melius,
982 1525 1058 1610 quid
1092 1526 1132 1591 de
1165 1528 1332 1610 utriusque

196 1654 306 1714 sectae
336 1649 525 1732 praeceptis
556 1649 706 1728 senserit,
739 1648 924 1731 intelligere
954 1647 1126 1731 possimus,
1153 1648 1335 1713 sententias

195 1770 272 1852 ejus,
292 1775 326 1833 et
341 1767 427 1851 quod
442 1768 484 1831 ad
499 1768 668 1852 physicam
683 1775 717 1834 et
732 1767 875 1851 quodjad
892 1768 1035 1833 ethicam
1051 1770 1179 1850 attinet,
1197 1768 1335 1851 diligen-

192 1891 257 1955 tius
275 1889 495 1954 examinemus
518 1908 638 1971 easque
657 1909 729 1952 cum
741 1888 1010 1972 philosophorum
1028 1889 1157 1953 illorum
1175 1910 1334 1972 praecep-

198 2010 240 2074 tis
265 2029 491 2092 comparemus
514 2015 654 2092 oportet.

287 2130 334 2193 Ac
357 2130 497 2212 primum
521 2126 660 2211 quidem,
685 2147 781 2209 quam
803 2127 843 2191 de
868 2126 926 2190 Dis
950 2127 1150 2208 opinionem*
1167 2126 1331 2206 babuerit,

197 2248 419 2331 quaerendum
451 2269 522 2313 esse
553 2248 689 2311 videtur.
743 2248 814 2325 Qua
836 2248 870 2311 in
900 2270 936 2312 re
967 2247 1096 2311 etiamsi
1119 2245 1189 2328 quis
1213 2246 1332 2308 cursim

193 2368 299 2448 modo,
330 2374 366 2433 ut
397 2369 504 2451 ajunt,
536 2367 666 2431 Horatii
698 2367 800 2432 libros
829 2368 1013 2448 transierit,
1049 2366 1224 2446 concedet,
1255 2367 1331 2429 reli-

196 2490 325 2573 gionem
348 2489 436 2572 vulgi
457 2488 655 2553 uberrimam
674 2490 705 2553 ei
728 2489 769 2553 ad
794 2490 939 2554 carmina
955 2489 1180 2573 componenda
1203 2489 1330 2571 copiam

194 2608 432 2692 suppeditasse.
484 2607 518 2673 si
558 2607 643 2672 enim
675 2607 779 2692 lyrica
809 2608 878 2691 ejus
910 2608 1055 2673 carmina
1083 2609 1328 2691 perlustramus,

131 2818 133 2822 μ
194 2731 331 2813 hymnos
359 2728 393 2792 in
424 2729 623 2812 singulorum
646 2730 789 2794 Deorum
818 2731 975 2795 honorem
1007 2752 1079 2795 eum
1111 2730 1328 2814 composuisse

192 2851 348 2930 videmus,
373 2857 409 2915 ut
433 2871 533 2914 carm.
556 2849 583 2929 1,
610 2855 643 2914 ll
672 2856 705 2915 et
727 2851 787 2930 III,
815 2857 849 2915 ll
883 2853 915 2916 in
941 2852 1148 2928 Mercurium,
1181 2851 1205 2929 I,
1231 2854 1266 2913 21
1295 2849 1327 2911 in

193 2972 332 3035 Dianam
357 2975 390 3036 et
410 2971 604 3054 Apollinem,
628 2973 775 3038 Latonae
798 2974 929 3052 liberos,
950 2976 975 3053 I,
1001 2979 1051 3051 30,
1077 2973 1134 3050 Ill,
1159 2977 1209 3048 36,
1234 2972 1288 3048 IV,
1313 2970 1328 3033 Ι

192 3094 226 3158 in
248 3094 421 3173 Venerem,
445 3093 471 3174 I,
495 3095 625 3174 31,1v‚
652 3099 670 3158 6
693 3095 726 3158 in
752 3094 946 3177 Apollinem,
971 3093 996 3172 I,
1021 3096 1061 3154 35
1085 3092 1119 3152 in
1138 3091 1325 3168 Fortunam,

192 3213 233 3292 ΙΙ,
269 3219 305 3279 19
335 3220 368 3278 et
395 3214 457 3292 111,
490 3220 529 3278 25
565 3214 598 3277 in
632 3215 808 3292 Bacchum,
839 3233 934 3294 quem
966 3213 999 3274 in
1031 3230 1198 3274 numerum
1228 3209 1328 3273 notis-

194 3333 308 3398 simum
333 3353 460 3415 quoque
481 3332 561 3396 illud
585 3352 717 3396 carmen
735 3331 905 3396 saeculare
921 3329 1038 3395 referri
1055 3334 1174 3412 potest.
1199 3329 1327 3412 Saepis-

193 3451 273 3517 sime
316 3458 494 3535 praeterea
524 3452 556 3514 in
588 3449 785 3515 carminibus
815 3450 883 3533 ejus
912 3470 1021 3513 rerum
1055 3471 1096 3514 ex
1128 3450 1328 3534 mythologie

192 3572 436 3654 desumptarum
458 3572 657 3636 mentionem
676 3571 799 3638 factam
823 3592 893 3636 esse
912 3576 1049 3637 constat.
1084 3571 1193 3637 Nihilo
1217 3579 1326 3637 tamen

191 3693 297 3757 secius
327 3692 442 3775 negari
473 3692 561 3757 nullo
593 3698 691 3777 pacto
713 3697 833 3775 potest,
865 3713 938 3756 eum
969 3692 1119 3775 religioni
1151 3693 1238 3775 vulgi
1260 3713 1325 3756 non

191 3811 314 3892 eadem,
343 3833 407 3896 qua
436 3812 548 3894 vulgus
576 3812 774 3895 imperitum,
794 3833 866 3876 cum
895 3811 1104 3895 simplicitate
1123 3833 1161 3877 ac
1187 3811 1325 3877 creduli-

189 3937 258 3996 tate
292 3932 435 3998 deditum
469 3932 584 4012 fuisse,
616 3933 664 3996 ita
696 3937 733 3996 ut
772 3932 956 3998 sententiae
992 3932 1059 4015 ejus
1093 3933 1126 3997 in
1161 3932 1326 3997 nonnullis

243 4184 264 4253 ¹)
283 4183 317 4238 cf.
335 4185 443 4254 Krtlger
460 4186 496 4240 ad
513 4187 565 4241 sat.
584 4185 618 4252 II,
637 4187 654 4240 8
671 4185 760 4257 praef.
