2886 4724
687 266 722 331 18

607 356 811 364 ——0--u-a

145 469 311 535 hominum
334 470 465 535 ductum
494 493 564 537 esse
594 481 699 557 putat,
734 476 820 557 quod
851 476 991 540 fecerint
1013 476 1055 539 ad
1078 497 1169 540 suam
1191 476 1278 558 quis-

99 574 102 580 *
146 611 207 672 que
230 592 330 654 vitam
353 596 449 674 atque
472 614 542 657 rem
564 593 761 659 familiarem
775 595 940 675 tuendam,
963 602 999 660 ut
1021 596 1151 659 omnino
1174 595 1280 659 socie-

145 715 215 773 tate
239 710 378 793 quadam
409 712 496 776 inter
525 733 560 777 se
586 713 692 795 juncti
716 717 931 780 communiter
959 715 1069 780 vivere
1098 715 1279 798 potuerint.

149 830 238 906 Quae
263 832 428 895 sententia
449 851 583 914 prorsus
606 833 715 897 aliena
737 840 787 898 est
809 855 829 898 a
851 835 979 915 Stoicis,
1004 855 1083 918 quos
1105 832 1281 899 τὸδίκαιον

147 946 238 1028 φύσει
260 948 336 1014 εἶναι
357 953 409 1014 καὶ
430 947 470 1032 μὴ
494 954 577 1016 θέσει
592 950 617 1032 ¹)
641 952 702 1017 sibi
724 954 924 1035 persuasisse
949 960 1087 1019 constat.
1121 953 1281 1018 Horatius

145 1071 252 1153 potius
276 1071 510 1154 Epicureorum
527 1072 622 1137 modo
638 1072 832 1155 „utilitatem
853 1075 933 1157 justi
954 1096 1058 1159 prope
1082 1079 1219 1138 matrem
1245 1079 1282 1137 et

145 1191 262 1272 aequi“
287 1211 357 1254 esse
380 1196 484 1272 putat,
507 1191 541 1254 id
563 1191 650 1274 quod
673 1193 772 1257 etiam
794 1194 925 1259 uberius
946 1195 1080 1278 exponit
1102 1195 1135 1257 in
1160 1192 1281 1257 eodem

146 1282 289 1374 carmini
312 1332 340 1372 v.
368 1316 546 1390 111-114,
570 1311 625 1375 ubi
648 1313 730 1376 haec
753 1313 904 1395 leguntur

248 1431 348 1512 „lura
373 1431 507 1494 invente
529 1437 620 1495 metu
641 1431 752 1512 injusti
774 1431 899 1496 fateare
922 1453 1055 1497 necesse
1080 1439 1139 1513 est,

270 1550 432 1633 Tempora
455 1551 482 1615 si
505 1550 669 1632 fastosque
693 1551 773 1616 velis
797 1552 947 1616 evolvere
970 1553 1099 1632 mundi;

269 1670 337 1734 Nec
361 1676 478 1735 natura
499 1676 609 1753 potest
626 1671 715 1754 justo
738 1693 911 1737 secernere
935 1673 1090 1755 iniquum,

269 1791 396 1855 Dividit
416 1797 453 1855 ut
474 1790 561 1855 bena
583 1791 719 1856 diversis
741 1792 895 1876 fugienda
916 1792 1100 1876 petendis.“

251 1911 487 1996 Epicureorum
507 1911 625 1977 deinde
642 1912 824 1977 doctrinam
845 1912 1005 1992 redolent,
1023 1933 1106 1995 quae
1123 1913 1281 1979 Horatius

146 2032 185 2096 de
210 2032 318 2097 anima
341 2033 484 2097 humana
503 2052 637 2096 censere
654 2032 791 2096 videtur.
815 2031 951 2115 Epicuri
965 2033 1050 2096 enim
1067 2032 1280 2115 sententia2)

147 2153 201 2234 qui
224 2153 286 2216 hec
316 2153 350 2216 in
380 2174 416 2216 re
440 2153 662 2217 Democritum
693 2139 899 2234 sequebatur,
934 2151 1071 2218 mundus
1099 2153 1279 2234 universus

146 2273 274 2336 animae
308 2293 373 2336 non
407 2272 511 2336 minus
545 2292 641 2353 quam
679 2293 832 2354 corpora,
869 2294 910 2336 ex
943 2273 1060 2338 atomis
1090 2273 1276 2353 constabat‚·

146 2415 220 2459 nam
251 2393 313 2458 nisi
341 2413 382 2456 ex
412 2389 526 2456 eadem
556 2391 665 2455 anima
693 2398 726 2455 et
757 2412 875 2474 corpus
904 2391 1045 2457 materia
1073 2399 1145 2458 orta
1169 2400 1280 2458 essent

145 2521 290 2579 mutuam
320 2513 407 2576 inter
435 2525 473 2599 se*
500 2513 563 2576 vim
588 2532 744 2576 exercere
775 2533 839 2576 non
863 2518 1006 2594 possent.
1053 2509 1156 2592 Quum
1178 2514 1278 2596 igitur

145 2639 250 2698 morte
276 2631 440 2697 stenima
463 2637 497 2696 et
520 2653 637 2714 corpus
660 2631 833 2710 dolentum.
849 2652 936 2697 mors
968 2633 1108 2717 sapienti
1131 2632 1278 2697 timenda

145 2777 210 2819 non
235 2760 294 2832 est,
323 2773 419 2834 quum
442 2773 570 2817 sensum
595 2752 663 2835 ejus
685 2752 808 2817 nullum
832 2753 961 2833 habeat,
992 2754 1025 2817 id
1048 2753 1133 2836 quod
1155 2752 1275 2816 Lucre-

145 2873 248 2955 tins3)
272 2875 323 2938 his
346 2872 454 2938 verbis
477 2872 573 2938 dicit:

249 2994 324 3076 „Nil
346 2993 445 3074 igitur
467 3013 554 3056 mors
577 2997 627 3057 est
650 2993 692 3058 ad
714 3014 774 3058 nos
796 3014 901 3076 neque
924 2994 1069 3078 pertinet
1092 2993 1203 3072 hilum,

272 3112 540 3196 Quandoquidem
563 3120 682 3178 natura
704 3113 806 3178 animi
827 3114 973 3179 mortalis
995 3113 1167 3177 habetur.“

251 3234 339 3311 Quae
371 3232 500 3296 Horatii
530 3253 656 3315 quoque
687 3235 850 3298 sententia
879 3234 978 3298 fuisse
1006 3231 1141 3296 videtur.
1193 3231 1279 3296 Nam

145 3353 327 3434 ubicunque
367 3351 407 3416 de
450 3359 555 3416 morte
600 3352 759 3434 loquitur,
804 3353 1074 3437 tranquillitatem
1114 3350 1279 3434 quandam

146 3472 246 3538 animi
268 3477 366 3553 atque
389 3471 587 3554 aequitatem
609 3491 690 3554 prae
713 3494 747 3537 se
771 3473 845 3552 fert,
869 3480 905 3537 ut
925 3474 1022 3539 decet
1035 3472 1278 3557 philosophum,

146 3613 252 3676 neque
275 3612 410 3673 usquam
433 3591 467 3655 in
491 3591 687 3658 carminibus
711 3593 779 3676 ejus
795 3592 1011 3675 significatum
1025 3592 1179 3672 videmus,
1204 3612 1279 3657 eum

146 3711 187 3778 de
216 3709 462 3776 immortalitate
492 3711 673 3776 animarum
703 3713 873 3795 cogitasse,
908 3711 971 3775 nisi
998 3709 1084 3792 quod
1112 3711 1280 3777 hominum

252 3930 272 3997 ¹)
292 3929 366 3984 stob.
385 3928 441 3983 uel.
459 3929 539 3999 phys.
557 3931 591 3996 Il,
611 3933 634 3994 7,
652 3947 716 4000 pag.
736 3928 794 3983 184.

249 4014 272 4084 ²)
291 4014 332 4069 cfr
359 4011 453 4080 zellen,
472 4013 571 4069 Plrilos.
591 4032 681 4085 graec.
699 4014 749 4080 Ill,
769 4016 792 4080 1,
810 4032 874 4085 pag.
893 4013 943 4068 385
962 4033 1020 4085 sqq.

249 4102 272 4173 ³)
291 4101 338 4166 ΙΙΙ,
357 4100 408 4155 828
425 4119 483 4170 sqq.
