2886 4724
676 241 880 333 „¹:1-

208 463 301 506 sacer
325 441 431 506 factus
454 444 504 504 cst
518 440 724 523 nepotibus.“
740 440 765 518 1)
794 439 863 506 Nec
883 441 1084 525 reipublicae
1108 442 1220 521 solum,
1235 461 1349 504 verum

208 561 307 625 etiam
330 560 528 644 singulorum
549 561 715 625 homiuum
739 582 809 626 sors
825 562 884 626 Dis
907 561 1143 626 immortalibus
1167 582 1264 626 curae
1288 568 1350 625 est.

207 680 260 745 Sic
283 679 439 764 improbis
456 680 598 745 Deorum
622 701 731 764 poena
746 681 876 760 insistit,
902 687 935 745 ct
950 684 1096 763 quamvis
1113 702 1212 765 saepe
1231 681 1350 747 claudo

208 821 264 864 eos
286 799 372 882 pedo
395 800 487 882 sequi
509 800 669 881 videatur,
696 808 805 866 tamen
829 824 905 867 raro
928 802 1018 867 abire
1043 825 1098 869 eos
1121 803 1240 866 inultos
1262 805 1353 885 pati-

205 925 268 998 tur,
297 919 544 1003 insontibusque
570 923 749 986 cavendum
781 929 840 1002 est,
875 945 916 988 ne
948 945 1044 1007 quam
1076 899 1147 988 cum
1178 922 1353 989 sceleratis

206 1040 391 1105 hominibus
416 1042 608 1105 societatem
631 1041 786 1121 habeant,
811 1063 885 1107 nam

438 1209 596 1225 ........
600 1181 722 1244 ,saepe
747 1163 914 1245 Diespiter

435 1280 609 1364 Neglectus
632 1281 758 1346 incesto
782 1282 909 1346 addidit
931 1284 1102 1367 integrum,

376 1385 378 1388 ⁵
411 1458 412 1461 ,
438 1403 524 1466 Raro
549 1400 800 1465 antecedentem
825 1402 999 1466 scelestum

434 1521 589 1587 Deseruit
610 1520 695 1602 pede
719 1542 827 1604 poena
851 1520 1038 1601 claud0.“2)

308 1643 411 1720 Quum
435 1642 532 1723 igitur
553 1642 690 1708 Horatio
714 1663 904 1726 persuasum
928 1644 979 1723 sit,
1005 1645 1091 1707 Deos
1114 1643 1211 1709 rebus
1234 1646 1348 1710 huma-

203 1762 252 1826 nis
289 1762 478 1839 consulere,
522 1784 605 1845 opus
639 1764 770 1846 quidem
804 1765 835 1828 ci
880 1786 950 1829 esse
992 1764 1137 1844 videtur,
1184 1787 1239 1829 eos
1282 1768 1348 1830 coli

201 1883 347 1965 iramque
377 1904 517 1978 eorum,
536 1891 691 1966 quantum
722 1884 795 1949 fieri
825 1886 944 1969 possit,
980 1885 1117 1969 placari,
1153 1885 1210 1948 sed
1241 1887 1345 1950 nihilo

201 2004 307 2068 miuus
343 2003 594 2087 haudquaquam
628 2005 747 2089 probat
781 2006 930 2068 timorem
964 2006 1052 2069 illurn
1090 2008 1242 2083 Deorum,
1280 2029 1343 2088 quo

200 2123 349 2206 plerique
368 2144 407 2187 ea
424 2128 533 2187 aetate
557 2125 640 2188 adeo
664 2124 967 2201 erantt,ti1nbui
931 2148 952 2188 u
954 2127 1076 2211 inep
1062 2125 1187 2191 issima
1202 2124 1243 2187 ad
1256 2126 1344 2191 Deos

200 2241 379 2326 placandos
403 2250 479 2308 vtoa
502 2244 661 2308 itaceren
672 2244 702 2338 3)
740 2245 786 2308 Ac
810 2266 906 2327 quum
933 2246 1088 2311 Horatius
1112 2247 1203 2330 epist
1183 2244 1242 2323 t,I
1269 2249 1297 2323 6,
1323 2251 1340 2309 3

201 2382 272 2426 esse
296 2363 403 2428 dicat:
433 2452 438 2461 ,

354 2484 472 2566 ,Hunc
496 2483 597 2548 solem
622 2488 656 2547 et
679 2484 791 2547 stellas
815 2492 848 2547 et
871 2483 1066 2550 decedentia
1090 2487 1188 2551 certis

376 2603 540 2686 Tempora
561 2605 735 2670 momentis
758 2652 809 2668 ...
833 2604 1005 2669 formidine
1030 2607 1120 2670 nulla

376 2725 567 2809 Spectent,“

302 2846 357 2929 qui
387 2846 487 2929 igitur
518 2867 658 2929 corpora
688 2848 853 2911 naturalia
875 2848 1024 2930 viresque
1056 2869 1076 2911 a
1111 2855 1229 2913 natura
1247 2851 1342 2910 ortas

201 2967 284 3031 haec
309 2987 390 3046 esse,
422 2987 527 3049 neque
552 2967 727 3050 quidquam
751 2966 851 3030 divini
882 2967 987 3044 iniis,
1020 2973 1054 3029 ut
1075 2966 1188 3048 vulgus
1210 2965 1343 3047 imperi-

202 3092 279 3166 tum,
293 3086 399 3151 inesse
423 3092 550 3169 putent,
575 3087 644 3169 ipse
667 3086 782 3168 procul
799 3084 895 3149 dubio
919 3086 951 3148 in
976 3085 1038 3148 hoc
1061 3102 1195 3147 numero
1219 3082 1341 3146 haben-

198 3205 257 3270 dus
282 3211 340 3270 est.
387 3205 555 3270 Immerito
586 3211 696 3267 autem
726 3203 874 3266 nonnulli
905 3223 976 3266 eam
1006 3202 1192 3285 opinionem
1217 3202 1340 3267 habere

197 3326 277 3390 mihi
306 3325 468 3404 videntur,
505 3329 540 3387 ut
569 3327 735 3400 censeant,
771 3321 942 3386 Horatium
976 3342 1041 3385 non
1076 3343 1206 3406 semper
1240 3344 1340 3387 unum

196 3447 348 3530 idemque
378 3447 418 3510 de
447 3448 591 3511 Deorum
619 3451 738 3508 natura
768 3444 864 3509 etde
887 3446 1045 3529 religione
1074 3446 1161 3528 vulgi
1188 3445 1338 3524 sensisse,

198 3568 255 3632 sed
279 3588 376 3651 quum
399 3567 433 3631 in
453 3567 624 3650 juventute
648 3564 884 3651 Epicureorum
915 3569 1075 3634 rationem
1098 3576 1228 3634 secutus
1252 3569 1339 3631 Deos

346 3823 431 3859 carm.
451 3805 498 3869 ΠΙ,
517 3805 559 3858 6”
551 3823 589 3858 m.

299 3805 416 3978 ²)lcarm
435 3907 482 3972 ΙΙΙ,
502 3907 518 3959 2
537 3909 606 3961 extr.

298 4014 322 4082 3)

340 4013 375 4066 cf.
393 4014 444 4067 sat.
463 4011 497 4076 ΙΙ,
516 4012 540 4076 3,
559 4011 618 4065 288
654 4012 817 4082 Augebatur
840 4030 982 4080 perversus
1007 4014 1054 4068 ille
1078 4031 1110 4067 ac
1134 4011 1338 4080 superstitiosus

196 4101 313 4155 Deorum
331 4098 414 4152 timor
432 4115 464 4152 eo
482 4097 609 4161 maxime,
634 4099 707 4165 quod
724 4097 890 4153 Judaeorum
913 4101 1003 4155 cultus
1027 4101 1095 4154 tunc
1112 4099 1243 4170 temporis
1261 4097 1338 4154 latis·

197 4188 264 4242 sime
282 4189 386 4242 Romae
404 4186 629 4257 pervulgabatur.
665 4186 699 4241 cf.
719 4186 826 4257 Krtiger
844 4190 879 4245 ad
897 4189 914 4244 l.
929 4189 947 4243 l.
