2886 4724
152 442 184 507 Is
207 443 336 509 demum
359 466 438 509 vera
461 445 624 530 sapientia
646 447 757 523 utitur,
788 447 842 530 qui
872 448 906 511 in
931 448 1078 513 omnibus
1102 448 1188 512 vitae
1213 469 1294 513 con-

151 562 333 629 dicionibus
364 571 568 630 constantem
597 566 697 630 animi
727 566 992 649 aequabilitatem
1025 575 1144 647 servat,
1176 589 1294 634 omnes

152 688 253 752 animi
275 688 539 772 perturbationes
562 689 707 773 placare,
732 690 886 754 virtutem
910 689 1038 771 assequi
1055 686 1172 752 studet.
1198 689 1293 766 Quae

152 809 251 872 animi
281 808 506 892 aequabilitas,
541 816 577 873 ut
605 809 686 873 dicit
709 808 958 891 WielandiuS,¹)
992 808 1025 872 id
1049 813 1107 886 est,
1135 807 1178 871 ad
1201 809 1296 890 quod
1361 890 1364 896 1

152 929 255 994 omnis
277 929 408 994 Horatii
437 930 648 1014 philosophia
676 929 837 1012 dirigitur,
868 928 909 993 ad
940 928 1025 1011 quod
1056 949 1186 1011 semper
1216 928 1295 1010 ipse

151 1050 302 1129 recurrit,
326 1051 447 1134 regula,
478 1049 652 1114 seeundum
678 1070 774 1133 quam
797 1050 887 1128 vivit,
911 1069 1076 1127 areanum,
1109 1047 1159 1110 cui
1182 1048 1298 1112 felici-

150 1175 252 1233 tatem
284 1190 373 1234 suam
403 1169 511 1248 debet,
546 1190 611 1233 una
642 1190 695 1234 ars
724 1190 855 1253 semper
883 1167 1054 1252 gaudendi,
1092 1183 1187 1250 quam
1210 1189 1297 1236 usus

153 1288 388 1373 comprobavit.
435 1289 652 1367 Quamobrem
682 1290 798 1353 mirum
829 1311 894 1353 non
925 1297 983 1368 est,
1015 1286 1100 1371 quod
1129 1288 1296 1356 Horatius

151 1410 280 1494 saepius
304 1411 343 1475 de
367 1411 475 1475 animo
499 1410 555 1474 illo
579 1428 684 1493 aequo
706 1410 860 1492 loquitur,
887 1417 921 1474 nt
944 1409 1038 1492 epist.
1056 1407 1081 1487 Ι,
1104 1413 1151 1487 11,
1173 1412 1213 1473 29
1240 1431 1294 1495 sq.

552 1529 668 1612 „Quod
690 1530 777 1612 petis
800 1530 853 1594 hie
878 1535 936 1608 est,

308 1649 367 1713 Est
389 1647 531 1728 Ulubris,
556 1650 681 1713 animus
704 1651 732 1714 si
753 1655 786 1713 te
809 1670 872 1714 non
897 1648 1008 1713 deficit
1029 1648 1182 1732 aequus.“

149 1770 242 1855 epist.
266 1770 292 1850 I,
320 1774 367 1849 18,
397 1774 451 1833 111
479 1791 525 1853 sq.

190 1892 277 1975 „Sed
299 1892 378 1956 satis
401 1896 460 1970 est,
485 1911 580 1957 orare
602 1892 726 1971 Jovem,
751 1912 834 1976 quae
857 1891 952 1974 ponit
975 1897 1009 1955 et
1031 1890 1152 1971 aufert;

212 2014 277 2077 Det
300 2013 409 2092 vitam,
446 2010 503 2077 det
525 2033 614 2097 opes,
639 2032 778 2095 aequum
801 2012 845 2075 mi
864 2013 1007 2076 animum
1028 2011 1099 2094 ipse
1122 2012 1289 2094 parab0,“

145 2133 256 2196 multis
279 2131 418 2214 denique
442 2133 516 2196 aliis
539 2132 629 2211 locis,
654 2119 733 2214 quos
756 2152 869 2196 omnes
892 2130 1011 2196 afferre
1035 2132 1165 2215 longum
1190 2139 1252 2198 est.

251 2251 360 2317 Rebus
384 2272 511 2335 quoque
535 2252 681 2316 adversis
711 2250 872 2316 servanda
895 2257 945 2316 est
968 2251 1025 2315 illa
1048 2251 1147 2315 animi
1170 2254 1288 2337 aequi-

145 2380 197 2439 tas
219 2394 325 2455 neque
348 2374 453 2438 minus
477 2372 574 2437 rebus
592 2371 743 2453 secundis
759 2391 931 2436 caveamus
949 2376 1089 2454 oportet,
1113 2393 1155 2436 ne
1179 2373 1285 2439 nimio

146 2493 263 2577 gaudio
297 2514 356 2558 nos
386 2493 550 2558 dedamus.
608 2492 823 2576 Comparatur
850 2498 958 2556 autem
989 2511 1027 2555 ea
1056 2493 1282 2575 tranquillitas

145 2613 254 2693 animi,
279 2634 343 2696 qua
365 2635 463 2698 super
485 2635 539 2679 res
562 2619 656 2678 extra
678 2634 737 2678 nos
759 2612 883 2697 positas
906 2633 964 2677 nos
987 2610 1175 2690 attollimus,
1200 2635 1282 2696 qua-

145 2757 207 2818 que
241 2735 312 2799 sola
345 2735 432 2799 vitae
468 2735 659 2799 felicitatem
689 2735 817 2817 assequi
850 2750 1029 2818 possumus,
1064 2755 1143 2800 vera
1178 2737 1281 2802 animi

144 2855 327 2921 eruditione
352 2862 450 2939 atque
480 2854 661 2939 disciplina.
708 2857 810 2934 Quam
838 2858 1035 2922 sententiam
1066 2858 1187 2942 optime
1212 2857 1281 2923 Ho-

143 2976 208 3040 tius
231 2977 366 3060 exponit
388 2976 482 3060 epist.
507 2975 531 3057 I,
558 2984 584 3056 1,
609 2981 648 3042 33
672 2976 727 3041 ubi
749 2978 832 3042 haec
855 2977 1022 3061 leguntur:

297 3098 440 3180 ,Ferret
460 3099 604 3163 avaritia
626 3101 809 3182 miseroque
835 3098 985 3183 cupidine
1008 3104 1138 3184 pectus:

320 3218 402 3284 Sunt
426 3220 527 3285 verba
551 3227 584 3285 et
605 3241 713 3300 voces,
734 3220 849 3303 quibus
871 3223 957 3286 huno
979 3221 1083 3286 lenire
1107 3219 1254 3284 dolorem

319 3338 427 3404 Possis
451 3343 484 3403 et
506 3359 656 3422 magnam
679 3339 784 3406 morbi
807 3341 972 3425 deponere
995 3347 1133 3425 partem.

319 3458 439 3524 Laudis
462 3479 574 3527 amore
597 3469 711 3541 tumes,
736 3468 812 3526 sunt
835 3467 927 3527 certa
948 3455 1088 3547 piacula,
1113 3481 1195 3543 quae
1219 3465 1253 3524 te

318 3581 383 3646 Ter
405 3602 486 3664 pure
511 3581 597 3647 lecto
620 3588 776 3666 poterunt
800 3603 953 3648 recreare
977 3580 1097 3646 libello.

318 3687 460 3782 Invidus,
486 3701 671 3783 iracundus,
695 3703 793 3781 iners,
818 3703 957 3779 vinosus,
982 3705 1117 3782 amator,

318 3821 422 3886 Nemo
446 3821 528 3887 adeo
552 3823 640 3888 ferus
664 3829 723 3903 est,
746 3829 870 3887 utnon
892 3823 1063 3887 mitescere
1087 3821 1199 3905 possit,

318 3942 352 4009 Si
374 3941 469 4008 modo
494 3944 640 4011 culturae
663 3945 845 4029 patientem
869 3943 1052 4009 commodet
1073 3940 1215 4007 auremf‘

245 4081 267 4152 1)
285 4080 321 4134 ad
339 4078 418 4148 epist.
437 4078 457 4144 I,
477 4080 501 4146 6,
521 4081 544 4136 l.
