2886 4724
148 445 288 530 quadam
311 449 367 513 via
391 469 429 511 ac
452 448 581 512 ratione
604 448 833 531 philosophiae
857 448 962 514 studio
985 471 1119 534 operam
1144 473 1281 517 navasse

113 662 115 665 .
147 588 252 649 neque
286 568 381 632 ullam
408 568 681 651 philosophorum
711 573 839 632 sectam·
856 570 991 651 proprie
1023 591 1093 635 esse
1122 577 1281 648 secutum,

148 687 307 769 Cognovit
340 690 427 754 enim
460 689 516 753 ille
551 689 700 772 quidem,
739 694 776 753 ut
810 696 882 755 erat
915 691 964 754 vir
999 692 1111 773 quavis
1149 692 1283 757 liberali

146 808 297 872 doctrina
318 809 448 892 politus,
473 830 585 873 omnes
607 809 876 892 philosophorum
906 808 1098 893 disciplinas
1130 817 1163 874 et
1184 833 1283 894 prae-

148 928 242 1010 cipue
273 949 338 1009 eas,
373 928 456 1012 quae
484 934 563 993 tunc
585 931 742 1011 temporis
764 930 904 994 maxime
932 930 1019 1014 apud
1041 931 1203 994 Romanos
1225 931 1283 997 flo-

148 1044 276 1126 rebant,
301 1047 358 1112 sed
382 1047 408 1112 si
432 1046 561 1130 quando
582 1048 811 1131 philosophiae
835 1056 1015 1133 praecepta
1037 1051 1197 1133 poematis
1215 1053 1283 1117 suis

146 1168 271 1245 inserit,
296 1167 343 1230 ita
365 1167 405 1230 iis
428 1168 539 1246 utitur,
563 1173 599 1231 ut
621 1167 779 1232 inferiora
802 1189 842 1232 ea
864 1191 994 1252 semper
1024 1172 1105 1235 artis
1126 1172 1281 1254 poeticae

146 1285 328 1351 rationibus
352 1286 474 1352 habeat
489 1285 523 1368 ¹).
557 1286 774 1364 Quamobrem
797 1288 914 1370 siquis
936 1290 1006 1354 sine
1030 1291 1129 1354 certis
1151 1291 1282 1373 quibus·

146 1406 221 1471 dam
252 1407 487 1491 destinatisque
518 1408 689 1473 sententiis
721 1410 867 1472 earmina
893 1409 1023 1473 Horatii
1056 1410 1183 1492 legerit,
1218 1410 1282 1475 sibi

146 1528 345 1610 persuadeat
368 1549 502 1592 neeesse
528 1534 587 1606 est,
619 1549 783 1611 nunquam
810 1549 882 1593 eum
912 1529 946 1591 in
975 1529 1072 1594 ullius
1094 1530 1283 1614 philosophi

145 1654 259 1731 partes
282 1650 412 1713 omnino
435 1649 588 1726 transire,
612 1647 670 1712 sed
692 1670 810 1713 revera
833 1669 906 1713 eum
937 1671 1018 1729 esse,
1043 1650 1129 1733 quod
1151 1651 1221 1733 ipse
1246 1673 1281 1716 se

148 1788 218 1832 esse
243 1767 323 1832 dicit
335 1767 373 1848 2),
398 1768 538 1848 ,nullius
561 1767 727 1833 addictum
745 1769 857 1852 jurare
880 1769 914 1832 in
937 1770 1038 1836 verba
1060 1769 1237 1853 magistri.“

234 1905 334 1970 Nobis
352 1907 460 1989 igitur,
484 1928 581 1990 quum
604 1907 636 1971 in
654 1907 762 1971 animo
779 1908 830 1986 sit,
855 1907 895 1971 de
918 1909 1115 1991 philosopho
1138 1907 1281 1971 Horatio

147 2027 319 2105 disserere,
346 2027 478 2111 etquid
506 2029 575 2111 ipse
600 2029 639 2093 de
673 2029 722 2107 iis,
754 2047 837 2109 quae
861 2027 903 2090 ad
932 2030 1174 2111 philosophiam
1205 2051 1281 2112 per·

145 2148 262 2227 tinent,
284 2148 527 2230 quaestionibus
545 2148 693 2226 senserit,
714 2145 940 2229 exponendum
959 2148 1031 2224 erit,
1051 2152 1085 2208 et
1099 2146 1139 2208 de
1152 2149 1281 2212 ratione

147 2267 323 2351 agendum,
365 2287 448 2349 quae
478 2265 566 2329 inter
595 2266 663 2348 ejus
694 2265 875 2329 sententias
907 2270 1004 2348 atque
1034 2264 1217 2330 Stoicorum
1248 2273 1282 2330 et

146 2388 384 2471 Epicureorum
413 2385 619 2451 intercedere
644 2385 801 2448 videatur.
855 2385 926 2448 Hae
951 2386 1037 2449 enim
1061 2385 1149 2450 solae
1173 2385 1277 2468 philo-

147 2506 325 2589 sophorum
358 2510 468 2570 sectae
503 2504 565 2568 hae
595 2504 629 2568 in
664 2504 855 2586 quaestione
891 2504 1118 2587 respiciendae
1153 2503 1278 2585 sunt3),

147 2647 244 2710 quum
267 2627 337 2708 ipse
362 2645 473 2690 earum
496 2630 623 2689 tantum
645 2624 807 2690 rationem
826 2624 948 2690 habeat
970 2631 1068 2708 atque
1091 2627 1124 2688 in
1148 2626 1187 2689 iis
1210 2631 1281 2688 toto

148 2746 216 2829 ejus
244 2746 455 2830 philosophia
485 2746 617 2825 nitatur,
649 2751 685 2810 ut
707 2767 747 2810 ex
778 2745 879 2830 ipsius
910 2745 1017 2810 verbis
1048 2745 1165 2823 elucet,
1198 2764 1281 2825 quae

149 2867 244 2950 epist.
267 2866 293 2945 Ι,
322 2872 347 2946 l,
376 2870 413 2929 16
437 2866 604 2950 leguntur:

251 3004 366 3088 ,Nunc
389 3003 483 3087 agilis
505 3002 547 3068 fio
571 3009 605 3067 et
627 3024 753 3069 mersor
777 3002 928 3067 civilibus
950 3003 1055 3081 undis,

250 3123 387 3189 Virtutis
410 3143 507 3188 uerae
532 3129 639 3187 custos
663 3121 848 3204 rigidusque
872 3122 1013 3201 satelles,

249 3245 343 3308 Nune
366 3244 399 3308 in
423 3242 584 3325 Aristippi
594 3241 623 3323 ⁴)
647 3241 758 3305 furtim
781 3245 963 3324 praecepta
986 3239 1118 3304 relabor

253 3363 294 3428 Et
316 3362 397 3427 mihi
419 3383 482 3442 res,
506 3383 571 3425 non
594 3381 646 3424 me
670 3361 767 3425 rebus
790 3361 984 3443 subjungere
1009 3360 1143 3424 conor.“

233 3500 341 3565 Minus
370 3500 545 3583 diligenter
573 3499 600 3563 si
631 3500 702 3582 quis
725 3499 855 3564 Horatii
877 3505 1031 3583 poemata
1059 3498 1156 3582 legat,
1182 3497 1282 3562 facile

149 3643 187 3687 eo
218 3620 336 3686 adduci
358 3621 471 3705 possit,
504 3625 540 3684 ut
574 3641 647 3684 eum
676 3641 696 3684 a
727 3620 845 3686 Stoicis
876 3620 1006 3686 omnino
1038 3619 1180 3684 alienum
1212 3638 1284 3682 esse

149 3763 353 3773 ——-—-

202 3829 223 3897 1)
242 3826 276 3881 cf.
294 3826 403 3890 Weber,
421 3824 511 3879 Horaz
528 3823 569 3877 als
587 3823 700 3877 Mensch
718 3823 775 3875 und
792 3820 914 3887 Dichter,
932 3840 997 3892 pag.
1016 3821 1060 3876 33.

200 3914 223 3983 ²)
242 3913 321 3981 epist.
339 3911 360 3977 Ι,
380 3913 403 3976 1,
424 3909 464 3964 14.

201 4000 225 4070 3)
243 4000 277 4054 cf.
296 3997 408 4062 Teuffel,
427 3997 498 4050 Hist.
516 3996 571 4048 litt.
591 3996 677 4058 Rom,
695 4011 759 4063 pag.
778 3994 838 4048 436.

200 4085 223 4156 ⁴¹)
243 4086 415 4156 Aristippum
433 4081 615 4152 Cyrenaicum
639 4079 715 4145 dicit,
734 4097 816 4149 quem
833 4080 983 4151 Epicurum
1001 4079 1142 4133 auctorem
1160 4077 1285 4131 secutum

149 4189 206 4228 esse
224 4175 342 4228 constat.
