2886 4724
663 198 704 260 35

601 285 782 293 -.-—.-—

114 407 291 490 conjuncta
313 408 371 468 est.
416 403 519 466 Beate
544 402 630 466 enim
657 402 768 467 vivere
793 403 1029 485 Epicureorum
1054 423 1094 466 ex
1116 407 1246 467 senten·

112 528 160 593 tia
182 525 265 590 nihil
288 523 377 588 aliud
400 527 459 601 est,
489 542 585 604 quam
618 542 690 586 cum
713 523 834 589 virtute
857 522 978 602 vivere,
995 523 1058 587 ¹ita
1086 529 1122 588 ut
1144 523 1247 587 virtus

113 668 179 712 non
201 666 263 730 per
285 666 320 709 se
344 650 380 708 et
400 663 458 708 sua
481 643 583 725 ipsius
606 663 705 708 causa
719 641 907 727 appetenda
929 643 981 722 sit,
998 642 1057 708 sed
1073 644 1150 727 quia
1174 664 1246 707 cum

113 768 233 832 virtute
264 764 369 829 solum
398 763 466 826 vita
488 762 588 827 beata
611 783 681 827 esse
704 768 824 846 potest,
856 763 1074 847 virtutemque
1097 763 1248 846 voluptas

112 887 170 952 illa
192 885 349 970 sequitur.
374 920 414 931 -
439 883 577 975 Diversa
599 882 640 947 ab
664 882 713 947 bis
736 888 820 961 sunt,
845 904 928 965 quae
951 882 1053 948 Stoici
1076 884 1108 946 in
1132 882 1249 948 ethicis

113 1012 296 1091 praecepta
318 1003 452 1068 dabant.
485 1003 607 1080 Quibus
630 1023 772 1068 summus
795 1003 882 1068 vitae
907 1004 1067 1068 humanae
1091 1003 1165 1067 finis
1188 1009 1247 1082 cst,

114 1134 152 1190 ut
171 1132 308 1190 naturae
331 1128 550 1206 congruenter
572 1124 791 1206 unusquisque
814 1123 919 1204 vivat;
936 1123 961 1203 ¹)
977 1144 1037 1188 sua
1058 1125 1156 1207 igitur
1180 1122 1247 1186 cui-

118 1267 180 1330 que
212 1244 349 1330 propria
374 1243 483 1309 studia
511 1242 705 1326 negligenda
739 1250 823 1323 sunt,
849 1245 1074 1328 communique
1108 1245 1265 1328 quadam.
1333 1305 1336 1311 ,

116 1367 219 1432 omnis
241 1365 381 1432 societas
405 1365 547 1428 humana
569 1363 641 1446 lege
665 1363 837 1446 obligatur,
867 1365 919 1428 cui
946 1386 1007 1447 pro
1030 1385 1089 1429 sua
1112 1366 1248 1448 quisque

113 1491 207 1572 parte
242 1507 278 1552 se
305 1484 459 1568 subjiciat
481 1505 616 1549 necesse
646 1489 706 1549 est.
763 1484 856 1562 Quod
885 1485 940 1568 qui
969 1484 1059 1564 facit,
1094 1486 1248 1550 virtutem

74 1648 80 1657 -
113 1607 308 1692 assequitur,
332 1627 416 1690 quae
439 1625 498 1670 sua
520 1605 622 1688 ipsius
646 1605 955 1688 causa'appetenda
977 1612 1036 1685 est,
1060 1628 1127 1671 non
1148 1628 1248 1690 prop-

79 1807 82 1814 ·
112 1734 165 1794 ter
186 1728 321 1807 fructus,
346 1727 402 1811 qui
424 1747 464 1792 ex
487 1745 527 1791 ea
540 1722 780 1810 proveniunt.²)
809 1724 847 1789 In
863 1745 901 1791 eo
925 1731 1034 1790 autem
1051 1727 1152 1793 Stoici
1175 1748 1248 1791 cum

114 1848 286 1933 Epicureis
320 1847 536 1927 consentiunt,
571 1845 657 1929 quod
690 1846 731 1910 ab
766 1845 914 1910 omnibus
947 1846 1247 1929 perturbationibus

117 1969 260 2032 animum
293 1988 364 2033 esso
398 1966 600 2032 liberandum
629 1965 692 2050 ipsi
720 1987 846 2049 quoque
877 1971 1021 2030 censent.
1081 1966 1249 2032 Libidines

116 2089 202 2154 enim
225 2094 300 2153 sunt
321 2087 563 2153 inimicissimae
581 2088 703 2168 virtuti,
720 2089 841 2172 quippe
865 2088 980 2171 quibus
1004 2088 1129 2152 animus
1151 2108 1247 2171 prae·

115 2217 167 2275 ter
187 2215 338 2274 naturam
366 2210 588 2292 perturbetur,
624 2229 724 2293 quare
754 2209 884 2293 sapiens
916 2214 949 2272 et
971 2207 1113 2273 dolendo
1137 2214 1171 2273 et
1193 2229 1246 2272 ou·

113 2328 235 2413 piendo
257 2351 330 2396 sese
346 2328 498 2395 abstinet.
511 2328 539 2411 ³)
585 2329 623 2394 In
647 2331 795 2414 sapiente
820 2323 860 2393 ex
876 2329 1058 2394 Stoicorum
1082 2329 1247 2394 sententia

115 2450 216 2516 virtus
239 2451 332 2534 quasi
354 2451 566 2536 incorporata
590 2471 660 2516 esse
684 2449 821 2530 videtur,
839 2451 887 2514 ita
907 2455 945 2514 ut
966 2449 1020 2513 ille
1042 2448 1190 2514 omnibus
1213 2448 1246 2512 in

114 2569 211 2635 rebus
234 2571 322 2636 solus
344 2570 512 2654 perfectus
535 2572 594 2651 sit;
626 2577 676 2635 est
697 2571 827 2654 sapiens
851 2569 991 2655 optimus
1013 2591 1081 2649 rex,
1106 2568 1247 2654 optimus

113 2691 304 2774 imperator,
328 2692 469 2774 optimus
491 2690 629 2770 artifex3
654 2692 740 2756 solus
763 2713 804 2756 ex
827 2691 975 2756 omnibus
989 2688 1174 2755 hominibus
1196 2709 1248 2753 ra·

111 2810 203 2875 tione
226 2810 338 2889 utitur,
362 2831 459 2893 quum
483 2811 540 2875 alii
563 2831 675 2875 omnes
697 2811 789 2876 stulti
811 2811 876 2876 sint
898 2817 996 2895 atque
1020 2811 1135 2876 insani.

218 2928 339 3007 Quibus
363 2950 435 2994 oum
458 2931 632 2996 sententiis
654 2931 682 2995 si
705 2951 745 2995 ea
768 2952 1004 3014 comparamus,
1036 2951 1119 3014 quae
1144 2930 1249 2994 Hora-

113 3050 194 3114 tium
216 3049 257 3114 de
283 3051 400 3116 eth-icis
429 3071 564 3117 censere
591 3050 738 3129 vidimus,
773 3071 845 3116 eum
874 3073 1002 3135 quoque
1030 3050 1092 3116 sibi
1114 3071 1249 3134 persua

113 3169 192 3235 sisse
217 3172 450 3254 cognoscimus,
475 3172 561 3257 quod
584 3172 702 3238 Stoicis
725 3178 758 3238 et
778 3171 950 3256 Epicureis
973 3177 1046 3237 erat
1069 3192 1247 3251 commune,

114 3310 211 3355 unam
233 3292 405 3373 rationem,
437 3314 501 3377 qua
524 3295 611 3359 vitae
634 3294 829 3360 felicitatem
852 3292 981 3376 assequi
1010 3292 1180 3377 possimus,
1214 3291 1246 3355 in

117 3412 279 3477 constanti
313 3414 413 3477 animi
446 3415 685 3498 tranquillitate
721 3422 754 3481 et
783 3416 816 3480 in
851 3413 1066 3480 defendendis
1100 3412 1247 3478 omnibus

112 3531 424 3615 perturbationibus,
440 3553 524 3616 quae
542 3541 576 3598 et
594 3534 796 3600 extrinsecus
809 3542 844 3600 et
861 3537 896 3600 in
919 3534 1012 3599 nobis
1035 3534 1114 3616 ipsis
1138 3534 1246 3598 oriun-

112 3655 177 3731 tur,
204 3654 345 3736 positam
369 3675 449 3734 esse,
481 3674 578 3738 quam
600 3656 798 3720 sententiam
820 3655 854 3719 in
878 3675 927 3726 eo,
958 3653 999 3718 de
1023 3674 1086 3737 quo
1109 3653 1247 3718 diximus

112 3794 371 3803 ffi—

218 3837 650 3930 qmmnmmam

216 3949 239 4017 ²)
258 3948 292 4003 cf.
310 3947 403 4011 Zeller‚
422 3947 522 4001 Philon.
541 3965 631 4018 graec.
649 3947 666 4000 l.
678 3946 696 4000 l.
714 3963 778 4016 pag.
796 3945 855 3999 408.
892 4004 898 4015 Ι

216 4035 240 4107 ³)
258 4035 324 4089 ibid.
342 4053 405 4105 pag.
424 4034 474 4088 425
493 4054 550 4104 sqq.
947 4054 949 4057 ’
