2886 4724
701 237 741 297 22

145 464 198 506 res
233 441 351 524 attigit,
386 439 442 505 ubi
475 440 561 505 ratio
595 441 676 506 artis
710 441 861 524 poeticae
894 440 1061 524 postulare
1096 440 1283 520 videbatur,

146 570 203 628 aut
235 562 278 627 ad
314 560 424 626 ethica
464 566 645 644 praecepta
679 555 873 646 exponenda
900 582 967 626 eas
995 582 1076 645 opus
1118 583 1188 625 esse
1223 583 1285 644 pu-

146 684 249 764 tabat,
281 705 378 767 quum
401 683 441 748 de
464 684 662 767 gravissimis
684 684 913 767 philosophiae
937 682 1095 747 naturalis
1118 682 1286 763 quaestio-

146 806 249 885 uibus,
285 805 325 869 de
357 805 511 871 extremis
540 804 681 868 omnium
710 823 819 866 rerum
854 804 969 881 causis,
1004 802 1044 866 dc
1074 801 1203 881 mundo,
1242 802 1286 867 de

146 933 254 1006 terra,
297 925 337 990 de
373 924 542 990 elementis
576 944 733 1006 nusquam
768 944 858 988 suam
891 923 1040 1008 proferat
1073 924 1286 989 senteutiam.

146 1047 304 1112 Feracior
326 1047 424 1129 igitur
442 1051 539 1128 atque
557 1044 689 1111 uberior
707 1045 770 1109 erit
792 1046 938 1128 quaestio
962 1045 1002 1110 dc
1019 1046 1136 1111 ethicis
1151 1047 1289 1114 Horatii

147 1169 320 1234 sententiis
344 1189 383 1231 ac
406 1167 446 1232 de
469 1167 609 1246 ratione,
633 1188 716 1250 quae
740 1167 802 1232 hac
826 1168 859 1231 10
883 1187 919 1231 re
943 1167 1029 1231 inter
1052 1187 1124 1230 eum
1148 1172 1181 1230 et
1196 1166 1286 1231 Stoi-

149 1309 203 1353 cos
232 1289 476 1372 Epicureosque
503 1281 697 1354 intercedat.
757 1291 858 1368 Quam
888 1288 930 1354 ad
964 1288 1186 1371 quaestionem
1213 1287 1287 1370 jam

146 1408 288 1472 transire
314 1407 412 1471 lubet.

250 1529 361 1609 „Quae
385 1528 427 1591 sit
450 1533 569 1593 natura
591 1528 669 1593 boni
686 1549 907 1612 summumque
924 1527 1001 1611 quid
1017 1529 1106 1613 ejus“
1125 1529 1287 1595 Horatius

147 1654 207 1712 sat.
232 1647 274 1727 ΙΙ,
299 1654 328 1727 7,
361 1653 401 1712 76
433 1650 570 1733 quaerit,
601 1649 705 1733 adque
738 1670 809 1714 eam
840 1649 1063 1732 quaestionem
1094 1648 1287 1714 solvendam

148 1767 257 1830 omnia
279 1765 349 1832 fere
373 1769 441 1851 ejus
459 1769 491 1834 in
512 1769 721 1854 philosophia
736 1770 843 1836 studia
857 1771 1033 1854 pertinent,
1048 1769 1287 1853 compluribus-

147 1908 209 1968 que
234 1887 314 1952 loeis
338 1889 415 1971 quid
444 1890 485 1955 de
511 1913 550 1956 ea
580 1893 729 1970 senserit,
765 1893 798 1956 in
828 1892 988 1976 poematis
1020 1892 1088 1972 ejus
1116 1890 1286 1976 prolatum

148 2027 219 2071 esse
242 2008 396 2073 videmus.
442 2010 480 2074 Id
501 2012 674 2094 unicuique
699 2012 822 2076 homini
844 2032 904 2094 per
926 2018 1029 2076 totam
1052 2012 1152 2075 vitam
1175 2010 1285 2075 Hora-

147 2127 211 2192 tius
234 2129 393 2210 agendum
423 2149 493 2195 esse
524 2134 628 2210 putat,
663 2135 699 2191 ut
726 2130 852 2192 animus
881 2150 953 2193 cum
982 2151 1119 2214 corpore
1144 2150 1284 2195 concurs

149 2269 393 2330 congruensque
418 2251 470 2326 sit,
502 2267 599 2329 quum
627 2247 729 2311 omnis
753 2249 806 2312 vel
828 2249 929 2312 animi
951 2249 1003 2312 vel
1027 2250 1173 2332 corporis
1196 2271 1280 2315 mor·

148 2367 207 2433 bus
230 2368 452 2452 discrepantia
476 2368 635 2452 quaedam
657 2375 794 2433 naturae
821 2370 973 2435 habenda
1000 2391 1101 2453 eaque
1120 2370 1161 2434 de
1182 2392 1282 2436 eausa

149 2488 236 2551 omni
267 2488 374 2553 studio
405 2489 540 2553 vitanda
570 2490 620 2554 sit.
672 2491 848 2568 Quaeritur
878 2497 995 2571 autem,
1026 2491 1186 2574 quomodo
1218 2493 1282 2555 hoo

147 2605 220 2670 fieri
241 2607 354 2690 possit.
401 2608 611 2691 Atqueaute
643 2610 751 2674 omnia
781 2611 843 2674 hac
874 2611 908 2675 in
938 2633 973 2676 re
1003 2611 1179 2676 tenendum
1208 2631 1282 2676 esse

147 2733 252 2811 putat,
272 2749 338 2792 non
360 2729 400 2794 iis
423 2730 456 2793 in
480 2728 577 2795 rebus
599 2751 711 2796 veram
734 2732 820 2796 vitae
844 2731 1036 2797 felicitatem
1060 2729 1282 2814 quaerendam

148 2870 229 2930 esse,
262 2847 376 2931 quibus
399 2851 590 2935 plerumque
614 2852 761 2917 homines
788 2851 929 2933 student,
960 2852 1090 2931 divitiis,
1120 2851 1281 2935 potentia,

147 2968 325 3052 voluptate,
357 2991 454 3053 quum
476 2993 537 3057 per
568 2995 602 3038 se
625 2974 712 3039 bona
741 2975 799 3039 illa
829 2996 900 3039 eam
929 2974 1029 3039 animi
1061 2972 1283 3055 tranquillita-

147 3099 214 3157 tem
237 3098 335 3175 atque
365 3094 564 3176 aequitatem
586 3093 680 3158 nobis
704 3096 881 3159 conciliare
905 3115 970 3157 uon
998 3092 1134 3176 possint,
1159 3093 1192 3156 in
1216 3113 1283 3174 qua

146 3231 212 3275 une
233 3213 320 3276 uitae
344 3218 477 3278 nostrae
499 3213 668 3278 beatitudo
688 3214 811 3278 nititur.
848 3213 930 3291 Quin
953 3212 1018 3274 imo
1043 3229 1282 3292 saepenumero

148 3353 243 3397 curas
265 3333 374 3416 potius
398 3355 493 3416 quam
517 3335 617 3398 animi
640 3336 910 3418 tranquillitatem
933 3331 1027 3398 nobis
1048 3337 1179 3416 parant,
1202 3352 1283 3400 uam

355 3452 586 3535 „Crescentem
610 3455 756 3536 sequitur
779 3474 857 3518 eura
879 3453 1052 3536 pecuniam

376 3574 599 3657 Majorumque
622 3574 746 3639 fames“
759 3573 784 3654 ¹)

254 3693 300 3756 Ac
324 3693 352 3758 si
375 3695 445 3776 quis
474 3716 553 3778 opes
577 3695 718 3760 Arabiae
750 3704 783 3760 ot
813 3695 924 3760 Indiae
954 3692 1136 3776 possideat,
1166 3693 1283 3759 totius-

148 3835 210 3895 que
235 3813 397 3897 Tyrrheni
421 3821 454 3878 et
476 3815 607 3898 Apulioi
629 3817 728 3881 maris
758 3815 928 3898 imperium
959 3820 1081 3895 teneat,
1115 3835 1281 3897 nunquam

146 3971 405 3980 ρ----,------

254 4071 274 4139 1)
294 4087 376 4124 carm.
395 4070 442 4135 111,
461 4071 485 4135 c,
506 4071 546 4124 0.
