2886 4724
675 124 711 182 W

585 206 788 214 .-..-———-—-

123 324 218 389 rebus
242 324 413 408 praeclare
436 325 535 408 gestis
568 325 739 408 insignium
770 325 857 409 apud
884 331 1035 409 posteros
1065 326 1254 390 memoriam

122 445 259 510 retineri
281 446 410 529 saepius
433 444 522 509 dicit.
558 444 595 509 ln
618 451 737 509 natura
759 444 888 528 quidem
909 445 1016 509 omnia
1039 450 1252 523 renovantem

123 586 198 629 vere
232 566 518 650 appropinquante
553 563 747 647 „diffugiunt
783 563 890 643 nives,
936 563 1075 629 redeunt
1108 565 1256 647 gramina

122 688 245 768 campis
267 685 501 766 arboribusque
525 681 709 764 comae‚“¹)
741 683 885 766 „frigora
907 684 1083 748 mitescunt
1105 684 1256 767 zephyris
1352 760 1359 769 „

121 828 178 871 ver
211 805 353 889 proterit
382 811 509 883 aestas,
544 804 729 889 interitura,
764 804 858 868 simul
891 804 1031 887 pomifer
1064 811 1255 870 auctumnus

122 928 231 1008 fruges
249 923 411 1002 effuderit,
435 930 469 988 et
483 945 560 988 mox
577 922 692 988 bruma
710 924 852 989 recurrit
865 923 1012 1004 iners“²)
1036 923 1094 988 sed
1116 924 1256 1006 „damna

123 1044 248 1109 celeres
271 1049 427 1127 reparant
450 1043 605 1108 caelestia
626 1042 794 1124 lunae.“3)
842 1043 916 1108 Alia
938 1050 1046 1108 autem
1070 1049 1120 1108 est
1151 1044 1253 1108 horni-

123 1165 172 1228 nis
197 1164 356 1243 condicio,
380 1185 455 1227 nam

482 1249 570 1332 „Nos
593 1248 648 1315 ubi
670 1248 850 1314 decidimus

277 1371 346 1448 Quo
368 1373 465 1452 pater
488 1368 617 1434 Aeneas
641 1391 704 1453 quo
727 1368 818 1434 dives
840 1369 952 1434 Tullus
976 1375 1009 1433 et
1032 1370 1141 1435 Ancus

484 1488 592 1552 Pulvis
616 1493 649 1552 et
670 1489 786 1554 umbra
808 1488 985 1570 sumus“.⁴)

230 1627 334 1692 Simili
356 1626 452 1691 modo
476 1625 570 1708 epist.
583 1624 609 1704 I,
634 1629 662 1704 6,
688 1629 726 1688 27
751 1625 935 1690 Numicium
957 1646 977 1689 a
999 1626 1104 1690 studio
1128 1626 1256 1690 divitia-

59 1831 66 1844 ,
123 1771 203 1829 rum,
238 1747 371 1829 gloriae,
407 1750 590 1810 ceterorum
625 1744 719 1827 hujus
741 1744 828 1808 vitae
851 1744 1011 1808 bonorum
1035 1765 1074 1808 eo
1097 1765 1254 1809 revocare

121 1868 239 1947 studet,
276 1864 361 1948 quod
391 1865 474 1929 nihil
503 1864 534 1928 ei
562 1874 688 1929 restare
711 1869 832 1943 monet,
863 1863 925 1926 nisi
948 1863 1028 1946 „ire‚
1063 1863 1169 1928 Numa
1191 1886 1254 1947 quo

120 1988 253 2055 devenit
276 1992 310 2051 et
329 1985 469 2050 Ancus.“
503 1985 618 2068 Itaque
642 2005 741 2067 quum
763 1989 901 2048 mortem
925 1984 1087 2049 neminem
1111 1985 1253 2068 effugere

118 2129 215 2195 posse
240 2112 377 2186 constet,
400 2105 539 2189 saepius,
563 2125 660 2187 quum
683 2103 725 2170 de
749 2125 788 2170 ea
811 2106 963 2189 loquitur,
986 2111 1134 2190 tempore
1158 2127 1253 2190 prae-

120 2237 212 2296 sente
236 2229 322 2293 laete
343 2227 499 2292 utendum
519 2247 590 2291 esse
607 2226 708 2307 addit,
732 2226 993 2309 quandoquidem
1011 2247 1096 2291 mors
1112 2227 1253 2291 omnium

119 2371 228 2415 rerum
262 2371 354 2414 usum
387 2347 580 2431 praeripiat.
632 2347 685 2412 Sic
720 2368 819 2411 carm.
844 2345 876 2427 Ι,
912 2353 948 2426 4,
989 2352 1025 2411 14
1063 2347 1112 2411 his
1146 2346 1255 2412 verbis

120 2470 259 2537 Sestium
282 2471 408 2533 monet:

163 2606 312 2690 „Pallida
333 2624 422 2668 mors
445 2623 549 2685 aequo
572 2605 682 2687 pulsat
703 2604 786 2689 pede
809 2625 990 2690 pauperum
1014 2606 1168 2671 tabernas

184 2727 371 2808 Regumque
394 2729 511 2789 turres.
558 2722 585 2788 0
608 2722 704 2789 beate
729 2725 825 2805 Sesti,

184 2846 280 2911 Vitae
303 2863 428 2911 summa
449 2843 558 2911 brevis
581 2865 674 2929 spem
695 2866 755 2910 nos
777 2852 868 2910 vetat
890 2827 1048 2912 inchoare
1070 2848 1209 2930 longam.

182 2967 255 3032 Jam
278 2973 311 3031 te
335 2971 463 3050 premet
485 2987 550 3031 nox
572 2965 768 3049 fabulaeque
791 2986 904 3030 manes

184 3088 226 3152 Et
248 3088 361 3153 domus
385 3087 479 3152 exilis
502 3086 664 3166 Plutonia,
689 3107 751 3169 quo
774 3085 871 3150 simul
893 3088 1022 3167 moeris,

135 3206 138 3210 ’
183 3209 253 3272 Neo
274 3229 377 3292 regna
398 3208 467 3272 vini
488 3207 627 3272 sortiere
650 3207 736 3287 talis,

184 3326 253 3390 Nec
275 3332 424 3391 tenerum
446 3326 592 3410 Lycidan
615 3326 799 3392 mirabere“
823 3349 851 3392 e.
875 3350 905 3411 q.
929 3352 954 3394 s.

223 3463 344 3539 Quibus
366 3463 484 3528 similia
507 3469 591 3542 sunt,
616 3484 698 3546 quae
723 3466 860 3544 carm.l‚
878 3472 910 3530 ll
938 3466 1133 3532 Leuconoae
1156 3466 1248 3534 dicit:

224 3683 501 3754 bemmlffilm.

222 3772 245 3841 2)
263 3771 321 3824 ibid
339 3771 355 3823 9
373 3789 432 3838 sqq.

221 3859 244 3927 ³)
262 3857 320 3912 ibid
340 3859 379 3911 13.

220 3945 244 4014 ⁴)
263 3943 321 3997 ibid
338 3963 363 3997 v.
384 3942 416 3996 14
434 3961 492 4011 sqq.
