2886 4724
699 206 739 267 36

613 288 817 298 Μ

135 385 138 393 .
149 409 217 490 „nil
239 407 416 474 admirarH
440 409 603 475 contineri
624 407 852 473 intelleximus.
899 407 991 486 Quod
1019 429 1097 473 vero
1120 408 1162 473 ad
1184 408 1287 474 ratio-

150 537 224 595 nein
247 502 384 610 attinet,
416 548 512 612 quam
543 527 584 593 ad
606 530 693 595 hunc
716 527 813 593 finem
848 528 1085 612 assequendum
1108 527 1288 595 ineundam

150 671 221 714 esse
246 655 369 728 censet,
394 649 549 714 Horatius
572 648 660 714 haud
682 648 779 715 dubie
802 648 1039 732 Epicureorum
1061 649 1164 733 magis
1187 670 1288 733 quam

150 769 334 836 Stoicorum
367 775 480 852 partes
508 770 664 852 sequitur.
720 769 878 834 Horatius
912 769 998 833 enim
1018 769 1216 857 ⁸hominibus
1253 771 1289 837 id
1348 781 1351 787 ’

149 911 278 975 semper
301 887 495 956 studendum
519 896 597 954 esse
613 895 733 969 monet,
768 911 810 955 ne
835 888 966 955 aliunde
989 889 1157 974 pendeant
1180 897 1289 976 utque

148 1033 278 1096 semper
300 1030 409 1076 rerum
433 1016 643 1074 externarum
659 1009 831 1093 imperium
855 1014 1005 1090 teneant3
1029 1007 1181 1075 virtutem
1205 1034 1292 1096 quo·

148 1154 210 1217 que
236 1132 406 1197 colendam
430 1152 500 1195 esse
528 1135 641 1196 censet
670 1152 737 1195 non
766 1135 843 1210 tam,
879 1123 966 1213 quod
994 1130 1029 1196 in
1057 1131 1130 1214 ipsa
1160 1133 1290 1200 virtute

147 1253 289 1318 felicitas
311 1253 420 1336 posita
442 1251 493 1331 sit,
508 1250 566 1316 sed
585 1251 662 1333 quia
684 1251 826 1315 maxima
848 1251 938 1314 illam
958 1251 1128 1316 commoda
1144 1273 1289 1337 sequan-

147 1380 209 1440 tur.
270 1374 335 1439 Sua
367 1371 485 1437 deinde
521 1371 636 1454 cuique
670 1372 806 1454 propria
840 1372 947 1436 studia
981 1372 1113 1437 minime
1148 1394 1289 1457 prorsus

148 1493 364 1579 opprimenda
387 1492 445 1556 sed
468 1497 595 1556 tantum
618 1491 802 1557 coercenda
824 1498 908 1573 sunt,
933 1513 974 1557 ne
996 1490 1056 1558 sub
1080 1512 1191 1559 eorum
1215 1496 1290 1561 ani·

147 1637 219 1681 mus
253 1615 323 1698 ipse
357 1612 611 1678 dominationem
641 1612 760 1677 veniat.
817 1613 865 1677 Ac
896 1634 992 1695 quum
1024 1613 1125 1679 Stoici
1157 1635 1288 1682 summo
1330 1660 1338 1675 .

149 1757 221 1801 eum
251 1734 358 1799 studio
389 1733 532 1816 singulos
562 1733 711 1798 homines
745 1735 950 1799 universitati
985 1755 1056 1799 sese
1087 1734 1287 1820 subjungere

147 1857 268 1922 debere
292 1853 501 1934 contendant,
520 1876 616 1937 quum
632 1876 736 1939 ,quae
755 1857 789 1920 in
811 1857 911 1920 terris
929 1856 1103 1939 gignantur
1125 1853 1168 1919 ad
1189 1877 1287 1922 usum

147 1978 313 2043 hominum
337 1975 446 2040 omnia
461 1976 579 2056 creari,
598 1975 745 2040 homines
768 1981 877 2041 autem
898 1975 1063 2040 hominum
1087 1996 1185 2040 causa
1210 1997 1287 2043 esse

147 2097 341 2182 generatos“
355 2095 380 2177 ¹)
411 2101 537 2179 putent,
568 2096 725 2165 Horatius
747 2097 944 2180 Epicuream
967 2099 1129 2162 rationem
1151 2103 1287 2165 secutus

148 2241 188 2284 ex
216 2217 383 2282 hominum
410 2216 581 2296 societate,
604 2222 760 2300 quantum
790 2216 862 2282 fieri
884 2218 998 2301 possit,
1033 2217 1167 2301 singulis
1190 2241 1287 2286 reos-

147 2338 288 2404 dendum
313 2358 384 2403 esse
406 2345 527 2414 censet,
544 2343 581 2401 ut
596 2336 679 2420 ,sibi
693 2357 755 2419 res,
776 2360 841 2404 non
858 2358 892 2404 se
908 2338 1005 2403 rebus
1021 2339 1285 2424 subjungant.“²)

148 2462 226 2539 Qua·
248 2481 288 2524 ex
321 2479 357 2522 re
388 2458 591 2541 intelligitur,
627 2478 685 2522 cur
713 2458 800 2522 vitae
832 2459 972 2523 rusticae
1002 2459 1159 2524 Horatius
1188 2465 1285 2526 tanto

148 2601 219 2646 cum
243 2579 348 2645 studio
372 2578 548 2662 indulgeat,
560 2576 590 2659 3)
620 2598 640 2642 a
669 2578 809 2662 negotiis
835 2578 975 2662 publicis
1003 2598 1074 2645 sese
1102 2587 1283 2662 removeat,

148 2705 332 2783 ,secretum
361 2700 425 2764 iter
456 2705 489 2764 et
516 2698 661 2764 fallentis
691 2700 840 2765 semitam
870 2699 979 2765 vitae“
1002 2700 1188 2784 expetenda
1211 2723 1282 2768 esse

148 2819 332 2901 censente)

179 2990 181 2995 .
251 2941 339 3018 Quae
369 2941 516 3024 quamvis
545 2941 591 3004 ita
622 2962 656 3006 se
692 2941 845 3021 habeant,
878 2940 1069 3024 gravissimo
1100 2943 1134 3007 in
1169 2963 1282 3008 errore

146 3066 304 3140 versetur,
340 3060 368 3126 si
402 3061 474 3144 quis
507 3061 680 3126 Horatium
714 3063 800 3128 inter
833 3063 1015 3145 Epicureos
1045 3063 1283 3128 recensendum

148 3202 219 3246 esse
243 3187 346 3266 putet,
378 3182 464 3265 quod
496 3182 624 3247 ethicae
649 3183 717 3266 ejus
740 3184 924 3248 sententiae
949 3203 1022 3248 cum
1052 3204 1163 3248 eorum
1186 3203 1282 3267 prae-

148 3303 252 3386 ceptis
285 3302 522 3391 quodammodo
546 3309 736 3385 congruunt.
793 3304 964 3387 Nunquam
990 3303 1110 3370 abillo
1134 3305 1282 3389 volupta-

146 3429 215 3488 tem
241 3443 396 3488 summum
426 3421 547 3487 bonum
579 3422 756 3506 judicatum
787 3446 858 3490 esse
889 3424 1045 3506 videmus,
1080 3445 1145 3509 qua
1178 3426 1211 3490 in
1245 3447 1283 3491 re

146 3549 218 3608 tota
240 3543 476 3627 Epicureorum
499 3543 609 3608 ethica
639 3544 763 3626 nititur,
799 3560 916 3612 contra
945 3567 1045 3630 saepe
1069 3567 1141 3610 eum
1164 3546 1284 3613 Stoicis

252 3783 273 3853 Ι)
292 3782 346 3837 Cio.
365 3783 398 3838 de
416 3784 493 3847 elul,
512 3785 536 3847 7,
553 3784 595 3837 22.

250 3869 272 3938 ²)
291 3870 324 3924 of.
344 3868 423 3938 epist.
442 3871 463 3933 Ι,
484 3869 505 3933 l,
527 3871 566 3923 19.

250 3954 274 4026 3)
292 3956 327 4009 of.
345 3955 423 4025 epist.
442 3956 463 4020 Ι,
484 3956 523 4019 10,
543 3956 559 4007 2
578 3958 607 4010 et
626 3957 671 4022 ll;
690 3956 710 4021 Ι,
731 3957 770 4021 14,
791 3959 834 4022 lo;
853 3959 905 4012 sat.
924 3958 958 4023 ll,
977 3960 1001 4022 6,
1020 3959 1062 4014 60.

251 4043 274 4112 ⁴)
293 4042 371 4112 epist.
390 4043 410 4108 Ι,
431 4042 471 4107 18,
491 4044 548 4098 103.
